@PREAMBLE{
 "\providecommand{\noopsort}[1]{}"
  # "\providecommand{\singleletter}[1]{#1}%"
 }

@BOOK{Weisskopf,
   author={J. M. Blatt and V. F. Weisskopf}, 
   title={Theoretical Nuclear Physics}, 
   publisher={Dover Books on Physics}, 
   year="1952"}
	        
@ARTICLE{lecun98,
   author={Y. LeCun and L. Bottou and G. Orr}, 
   title={Efficient backprop in neural networks: Tricks of the trade}, 
   journal="Lectures Notes in Computer Science", 
   volume="1524", 
   year="1988"}

@BOOK{orangeBook,
   author={Richard O. Duda and Peter E. Hart and  David G. Stork}, 
title={Pattern Classification, Second Edition}, 
   publisher={John Wiley and Sonsxs}, 
   year="2001"}

@MISC{bouchaud2009_TR,
   author={Jean-Philippe Bouchaud and Marc Potters}, 
   title={Financial Applications of Random Matrix Theory: a short review}, 
   year="2009", 
   archivePrefix = "arXiv", 
   eprint={0910.1205}}

@INCOLLECTION{bouchaud2009,
  author =       {J. P. Bouchaud and M. Potters},
  title =        {Financial Applications of Random Matrix Theory: a short review},
  booktitle =    {The Oxford Handbook of Random Matrix Theory},
  year =         {2011},
  pages =        {},
  editor =       {G. Akemann and J. Baik and P. Di Francesco},
  series =       {},
  publisher =    {Oxford University Press},
}

@MISC{hoffer18,
   author={Elad Hoffer and Itay Hubara and Daniel Soudry}, 
   title={Train longer, generalize better: closing the generalization gap in large batch training of neural networks}, 
   year="2018", 
   archivePrefix = "arXiv", 
   eprint = {1705.08741}, 
   primaryClass = "stat-ml"}

@MISC{entangle2017,
   author={Yoav Levine and David Yakira and Nadav Cohen and Amnon Shashua}, 
   title={Deep Learning and Quantum Entanglement: Fundamental Connections with Implications to Network Design}, 
   year="2017", 
   archivePrefix = "arXiv", 
   eprint={1704.01552}}

@MISC{bengio2012},
   author={Yoshua Bengio}, 
   title={Practical Recommendations for Gradient-Based Training of Deep}, 
   year="2012", 
   archivePrefix = "arXiv", 
   eprint={1206.5533}}

@ARTICLE{keskar17,
   author={N. S. Keskar and D. Mudigere and J. Nocedal and M. Smelyanskiy and P. T. Tang}, 
   title={On large-batch training for deep learning: Generalization gap and sharp minima}, 
   journal="ICLR", 
   year="2017"}

@ARTICLE{goyal18,
   author={Priya Goyal and Piotr Dollar and Ross Girshick and Pieter Noordhuis and Lukasz Wesolowski and Aapo Kyrola and Andrew Tulloch and Yangqing Jia and Kaiming He}, 
   title={Accurate, Large Minibatch SGD: Training ImageNet in 1 Hour}, 
   journal="Facebook Research", 
   year="2017"}

@ARTICLE{alter2000,
   author={Orly Alter and Patrick O. Brown and David Botstein}, 
   title={Singular value decomposition for genome-wide expression data processing and modeling}, 
   journal="PNAS", 
   year="2000", 
   volume="18", 
   pages="10101-10106"}

@ARTICLE{johnstone2009,
   author={M. Johnstone}, 
   title={On the distribution of the largest eigenvalue in principal components analysis}, 
   journal="Annals of statistics", 
   year="2001", 
   pages="295–327"}

@ARTICLE{paul2007,
   author={D. Paul}, 
   title={Asymptotics of sample eigenstructure for a large dimensional spiked covariance model}, 
   journal="Statistica Sinica", 
   year="2007", 
   pages="1617–1642"}

@ARTICLE{bun2017,
   author={J. Bun and Bouchaud and M. Potters}, 
   title={Cleaning large Correlation Matrices: tools from Random Matrix Theory}, 
   journal="Physics Reports", 
   year="2017", 
   volume="666", 
   pages="1-109"}

@article{bouchaud2005,
   author={Laurent Laloux and Pierre Cizeau and Marc Potters and  Jean-Philippe Bouchaud}, 
   title={Random Matrix Theory and Financial Correlations}, 
   journal="Mathematical Models and Methods in Applied Sciences", 
   pages="109-11", 
   year="2005"}

@BOOK{tricks2012,
   title={Neural Networks: Tricks of the Trade (Lecture Notes in Computer Science)},
   publisher={Springer}, 
   year="2012"}}

@ARTICLE{wigner,
   author={E. Wigner},
   title={Characteristic vectors of bordered matrices with infinite dimensions},
   journal="Annals of Mathematics",
   volume="62(3)",
   pages="548–564",
   year="1955"}

@INPROCEEDINGS{rmtreplica,
  author =       {R. R. M{\"u}ller},
  title =        {Random Matrices, Free Probability and the Replica Method},
  booktitle =    {Proceedings of the 12th European Signal Processing Conference},
  year =         {2004},
  pages =        {189--196},
}

@article{bouchaud1999,
   author={Laurent Laloux and Pierre Cizeau and Marc Potters and Jean-Philippe Bouchaud},
   title={Noise Dressing of Financial Correlation Matrices},
   journal="Phys. Rev. Lett.",
   volume="83",
   pages="1467",
   year="1999"}

@article{bishop1995,
   author={Christopher Bishop},
   title={Training with Noise is Equivalent to Tikhonov Regularization Christopher M. Bishop},
   journal="Neural Computation",
   volume="7(1)",
   year="1995",
   pages="108–116"}

@article{zhang2017,
   author={Chiyuan Zhang and Samy Bengio and Moritz Hardt and Benjamin Recht and Oriol Vinyals},
   title={Understanding deep learning requires rethinking generalization},
   year="2017",
   archivePrefix = "arXiv",
   eprint={0910.1205}}

@article{galluccio1998,
   author ={Stefano Galluccio and Jean-Philippe Bouchaud and Marc Potters},
   title={Rational decisions, random matrices and spin glasses},
   year="1998",
   journal="Physica A",
   volume="259",
   pages="449–456"}

@article{noscalefree},
   author={Anna D. Broido1 and Aaron Clauset},
   title={Scale-free networks are rare},
   year="2018",
   archivePrefix = "arXiv",
   eprint={1801.03400}}

@article{heavytails2007},
  author={G. Biroli and J.-P. Bouchaud and M. Potters},
  title={On the top eigenvalue of heavy-tailed random matrices},
  journal={EPL (Europhysics Letters)},
  volume={78},
  number={1},
  pages={10001},
  year={2007}}

@article{disordered2007},
  author={G. Biroli and J.-P. Bouchaud and M. Potters},
  title={Extreme value problems in Random Matrix Theory and other disordered systems}
  journal={J. Stat. Mech.},
  volume={2007},
  pages={07019},
  year={2007}}

@article{sornette2002},
  author={Y. Malevergne and D. Sornette},
  title={Collective Origin of the Coexistence of Apparent RMT Noise and Factors in Large Sample Correlation Matrices},
  journal={Condensed Matter},
  number={1},
  year={2002}}

@article{fontiers2014},
  author={Janina Hesse and Thilo Gross},
  title={Self-organized criticality as a fundamental property of neural systems},
  journal={Sys Neurosci},
  number={23},
  year={2014}}

@article{Cowan2014_BROKEN}.
  author={Jack D. Cowan and Jeremy Neuman and Wim van Drongelen},
  title={Self-organized criticality and near-criticality in neural networks},
  book={Criticality in Neural Systems},
  chapter={22},
  year={2014}}

@INCOLLECTION{Cowan2014,
  author =       {J. D. Cowan and J. Neuman and W. van Drongelen},
  title =        {Self-organized criticality and near-criticality in neural networks},
  booktitle =    {Criticality in Neural Systems},
  year =         {2014},
  pages =        {},
  editor =       {D. Plenz and E. Niebur},
  series =       {},
  publisher =    {John Wiley {\&} Sons},
}

