@MISC{talk_michael_acmsfsig_2019,
  author =       {M. W. Mahoney},
  title =        {Seminar at ACM SF-SIG},
  year =         {February 2019},
  note =         {\url{https://www.youtube.com/watch?v=2qF8TezRwS0}},
}

@MISC{talk_michael_simons_2018,
  author =       {M. W. Mahoney},
  title =        {Seminar at Simons Institute},
  year =         {September 2018},
  note =         {\url{https://simons.berkeley.edu/talks/9-24-mahoney-deep-learning}},
}

@MISC{talk_charles_icsi_2018,
  author =       {C. H. Martin},
  title =        {Seminar at ICSI},
  year =         {December 2018},
  note =         {\url{https://www.youtube.com/watch?v=6Zgul4oygMc}},
}

@MISC{talk_charles_lbl_2018,
  author =       {C. H. Martin},
  title =        {Seminar at LBNL},
  year =         {June 2018},
  note =         {\url{https://www.youtube.com/watch?v=_Ni5UDrVwYU}},
}

@MISC{ImplicitSelfRegularization_repo,
  title =        {{ImplicitSelfRegularization}},
  year =         {2018},
  note =         {\url{https://github.com/CalculatedContent/ImplicitSelfRegularization}},
}

@MISC{PredictingTestAccuracies_repo,
  title =        {{PredictingTestAccuracies}},
  year =         {2019},
  note =         {\url{https://github.com/CalculatedContent/PredictingTestAccuracies}},
}

@MISC{weightwatcher_package,
  title =        {{WeightWatcher}},
  year =         {2018},
  note =         {\url{https://pypi.org/project/WeightWatcher/}},
}

@MISC{weightwatcher_package_JustURL,
  note =         {\url{https://pypi.org/project/WeightWatcher/}},
}

@TECHREPORT{AS17emergence_TR,
  author =    {A. Achille and S. Soatto},
  title =     {Emergence of invariance and disentanglement in deep representations},
  number =    {Preprint: arXiv:1706.01350},
  year =      {2017},
}

@ARTICLE{AHS85,
  author =       {D. H. Ackley and G. E. Hinton and T. J. Sejnowski},
  title =        {A learning algorithm for {B}oltzmann machines},
  journal =      {Cognitive Science},
  year =         {1985},
  volume =       {9},
  number =       {1},
  pages =        {147--169},
}

@ARTICLE{AG65,
  author =       {G. Adam and J. H. Gibbs},
  title =        {On the Temperature Dependence of Cooperative Relaxation Properties in Glass-Forming Liquids},
  journal =      {Journal of Chemical Physics},
  year =         {1965},
  volume =       {43},
  number =       {1},
  pages =        {139--146},
}

@ARTICLE{ALG13,
  author =       {M. Advani and S. Lahiri and S. Ganguli},
  title =        {Statistical mechanics of complex neural systems and high dimensional data},
  journal =      {Journal of Statistical Mechanics: Theory and Experiment},
  year =         {2013},
  volume =       {2013},
  number =       {03},
  pages =        {P03014},
}

@ARTICLE{AG16_PRX,
  author =       {M. Advani and S. Ganguli},
  title =        {Statistical Mechanics of Optimal Convex Inference in High Dimensions},
  journal =      {Physical Review X},
  year =         {2016},
  volume =       {6},
  number =       {031034},
  pages =        {},
}

@TECHREPORT{AG16_TR,
  author =    {M. Advani and S. Ganguli},
  title =     {Statistical Mechanics of High-Dimensional Inference},
  number =    {Preprint: arXiv:1601.04650},
  year =      {2016},
}

@TECHREPORT{AS17dynamics_TR,
  author =    {M. S. Advani and A. M. Saxe},
  title =     {High-dimensional dynamics of generalization error in neural networks},
  number =    {Preprint: arXiv:1710.03667},
  year =      {2017},
}

@TECHREPORT{AABHM16_TRv1,
  author =    {N. Agarwal and Z. Allen-Zhu and B. Bullins and E. Hazan and T. Ma},
  title =     {Finding Approximate Local Minima for Nonconvex Optimization in Linear Time},
  number =    {Preprint: arXiv:1611.01146v1},
  year =      {2016},
}

@TECHREPORT{AABHM16_TR,
  author =    {N. Agarwal and Z. Allen-Zhu and B. Bullins and E. Hazan and T. Ma},
  title =     {Finding Approximate Local Minima Faster than Gradient Descent},
  number =    {Preprint: arXiv:1611.01146},
  year =      {2016},
}

@ARTICLE{ABC08,
  author =       {E. Agliari and A. Barra and F. Camboni},
  title =        {Criticality in diluted ferromagnet},
  journal =      {Journal of Statistical Mechanics: Theory and Experiment},
  year =         {2008}, 
  volume =       {2008}, 
  number =       {10},
  pages =        {P10003},
}

@ARTICLE{AB11,
  author =       {E. Agliari and A. Barra},
  title =        {A {H}ebbian approach to complex-network generation},
  journal =      {Europhysics Letters},
  year =         {2011},
  volume =       {94},
  number =       {1},
  pages =        {10002},
}

@ARTICLE{AABBx12,
  author =       {E. Agliari and L. Asti and A. Barra and R. Burioni and G. Uguzzoni},
  title =        {Analogue neural networks on correlated random graphs},
  journal =      {Journal of Physics A: Mathematical and Theoretical},
  year =         {2012},
  volume =       {45},
  number =       {36},
  pages =        {365001},
}

@ARTICLE{ABBBx13,
  author =       {E. Agliari and A. Barra and R. Burioni and A. Di Biasio and G. Uguzzoni},
  title =        {Collective behaviours: from biochemical kinetics to electronic circuits},
  journal =      {Scientific Reports},
  year =         {2013},
  volume =       {3},
  number =       {},
  pages =        {3458},
}

@INPROCEEDINGS{ABGTx14,
  author =       {E. Agliari and A. Barra and A. Galluzzi and D. Tantari and F. Tavani},
  title =        {A walk in the statistical mechanical formulation of neural networks: alternative routes to {H}ebb prescription},
  booktitle =    {Proceedings of the 6th International Conference on Neural Computation Theory and Applications (NCTA 2014)},
  year =         {2014},
  pages =        {210--217},
}

@TECHREPORT{ABGGx14_TR,
  author =    {E. Agliari and A. Barra and A. Galluzzi and F. Guerra and D. Tantari and F. Tavani},
  title =     {Topological properties of hierarchical networks},
  number =    {Preprint: arXiv:1412.5918},
  year =      {2014},
}

@TECHREPORT{ABLT17_TR,
  author =    {E. Agliari and A. Barra and C. Longo and D. Tantari},
  title =     {Neural Networks retrieving {B}oolean patterns in a sea of {G}aussian ones},
  number =    {Preprint: arXiv:1703.05210},
  year =      {2017},
}

@TECHREPORT{AFM13_TR,
  author =    {Y. Ahmadian and F. Fumarola and K. D. Miller},
  title =     {Properties of networks with partially structured and partially random connectivity},
  number =    {Preprint: arXiv:1311.4672},
  year =      {2013},
}

@ARTICLE{ABP14,
   author  = {J. Alstott and E. Bullmore and D. Plenz},
   title   = {powerlaw: A Python Package for Analysis of Heavy-Tailed Distributions},
   journal = {PLoS ONE},
   year    = {2014},
   volume  = {9},
   number  = {1},
   pages   = {e85777},
}

@ARTICLE{Ama90,
  author =       {S.-I. Amari},
  title =        {Mathematical foundations of neurocomputing},
  journal =      {Proceedings of the IEEE},
  year =         {1990}, 
  volume =       {78},
  number =       {9},
  pages =        {1443--1463},
}

@ARTICLE{AFS92,
  author =       {S.-I. Amari and N. Fujita and S. Shinomoto},
  title =        {Four types of learning curves},
  journal =      {Neural Computation},
  year =         {1992},
  volume =       {4},
  number =       {4},
  pages =        {605--618},
}

@ARTICLE{AM93,
  author =       {S.-I. Amari and N. Murata},
  title =        {Statistical Theory of Learning Curves under Entropic Loss Criterion},
  journal =      {Neural Computation},
  year =         {1993},
  volume =       {5},
  number =       {1},
  pages =        {140--153},
}

@ARTICLE{Ama98,
  author =       {S.-I. Amari},
  title =        {Natural {G}radient Works Efficiently in Learning},
  journal =      {Neural Computation},
  year =         {1998},
  volume =       {10},
  number =       {2},
  pages =        {251--276},
}

@ARTICLE{AGS85a,
  author =       {D. J. Amit and H. Gutfreund and H. Sompolinsky},
  title =        {Spin-glass models of neural networks},
  journal =      {Physical Review A},
  year =         {1985},
  volume =       {32},
  number =       {2},
  pages =        {1007--1018},
}

@ARTICLE{AGS85b,
  author =       {D. J. Amit and H. Gutfreund and H. Sompolinsky},
  title =        {Storing Infinite Numbers of Patterns in a Spin-Glass Model of Neural Networks},
  journal =      {Phys. Rev. Lett.},
  year =         {1985},
  volume =       {55},
  number =       {14},
  pages =        {1530--1533},
}

@ARTICLE{ALRSS00,
  author =       {L. Angelani and R. Di Leonardo and G. Ruocco and A. Scala and F. Sciortino},
  title =        {Saddles in the Energy Landscape Probed by Supercooled Liquids},
  journal =      {Phys. Rev. Lett.},
  year =         {2000},
  volume =       {85},
  number =       {25},
  pages =        {5356--5359},
}

@TECHREPORT{ACHL19_TR,
  author =    {S. Arora and N. Cohen and W. Hu and Y. Luo},
  title =     {Implicit Regularization in Deep Matrix Factorization},
  number =    {Preprint: arXiv:1905.13655},
  year =      {2019},
}

@TECHREPORT{ALM15_TR,
  author =    {S. Arora and Y. Liang and T. Ma},
  title =     {Why are deep nets reversible: A simple theory, with implications for training},
  number =    {Preprint: arXiv:1511.05653},
  year =      {2015},
}

@TECHREPORT{ACH18_TR,
  author =    {S. Arora and N. Cohen and E. Hazan},
  title =     {On the Optimization of Deep Networks: Implicit Acceleration by Overparameterization},
  number =    {Preprint: arXiv:1802.06509},
  year =      {2018},
}

@TECHREPORT{AGNZ18_TR,
  author =    {S. Arora and R. Ge and B. Neyshabur and Y. Zhang},
  title =     {Stronger generalization bounds for deep nets via a compression approach},
  number =    {Preprint: arXiv:1802.05296},
  year =      {2018},
}

@TECHREPORT{AJBKx17_TR,
  author =    {D. Arpit and S. Jastrzebski and N. Ballas and D. Krueger and E. Bengio and M. S. Kanwal and T. Maharaj and A. Fischer and A. Courville and Y. Bengio and S. Lacoste-Julien},
  title =     {A Closer Look at Memorization in Deep Networks}, 
  number =    {Preprint: arXiv:1706.05394},
  year =      {2017},
}

@ARTICLE{ABM05,
  author =       {G. Ben Arous and L. V. Bogachev and S. A. Molchanov},
  title =        {Limit theorems for sums of random exponentials},
  journal =      {Probability Theory and Related Fields},
  year =         {2005},
  volume =       {132},
  number =       {4},
  pages =        {579--612},
}

@ARTICLE{AG08,
   author  = {G. Ben Arous and A. Guionnet},
   title   = {The spectrum of heavy tailed random matrices},
   journal = {Communications in Mathematical Physics},
   year    = {2008},
   volume  = {278},
   number  = {3},
   pages   = {715--751},
}

@INPROCEEDINGS{AB04,
  author =       {J. Audibert and O. Bousquet},
  title =        {{PAC}-{B}ayesian generic chaining},
  booktitle =    {Annual Advances in Neural Information Processing Systems 16: Proceedings of the 2003 Conference},
  year =         {2004},
  pages =        {1125--1132},
}

@TECHREPORT{ABC10_TR,
  author =    {A. Auffinger and G. Ben Arous and J. Cerny},
  title =     {Random Matrices and complexity of Spin Glasses},
  number =    {Preprint: arXiv:1003.1129},
  year =      {2010},
}

@ARTICLE{AB13,
  author =       {A. Auffinger and G. Ben Arous},
  title =        {Complexity of random smooth functions on the high dimensional sphere},
  journal =      {The Annals of Probability},
  year =         {2013},
  volume =       {41},
  number =       {6}, 
  pages =        {4214--4247}, 
}

@ARTICLE{AAP09,
   author  = {A. Auffinger and G. Ben Arous and S. P{\'e}ch{\'e}},
   title   = {Poisson convergence for the largest eigenvalues of heavy tailed random matrices},
   journal = {Ann. Inst. H. Poincar{\'e} Probab. Statist.},
   year    = {2009},
   volume  = {45},
   number  = {3},
   pages   = {589--610},
}

@ARTICLE{AT16,
   author  = {A. Auffinger and S. Tang},
   title   = {Extreme eigenvalues of sparse, heavy tailed random matrices},
   journal = {Stochastic Processes and their Applications},
   year    = {2016},
   volume  = {126},
   number  = {11},
   pages   = {3310--3330},
}

@TECHREPORT{BKH16_TR,
  author =    {J. L. Ba and J. R. Kiros and G. E. Hinton},
  title =     {Layer Normalization},
  number =    {Preprint: arXiv:1607.06450},
  year =      {2016},
}

@ARTICLE{Bac17,
  author =       {F. Bach},
  title =        {Breaking the Curse of Dimensionality with Convex Neural Networks},
  journal =      {Journal of Machine Learning Research},
  year =         {2017},
  volume =       {18},
  number =       {19},
  pages =        {1--53},
}

@ARTICLE{BKPx20,
  author =       {Y. Bahri and J. Kadmon and J. Pennington and S. Schoenholz and J. Sohl-Dickstein and S. Ganguli},
  title =        {Statistical Mechanics of Deep Learning},
  journal =      {Annual Review of Condensed Matter Physics},
  year =         {2020},
  volume =       {},
  number =       {},
  pages =        {000--000},
}

@ARTICLE{BN02,
  author =       {J. Bai and S. Ng},
  title =        {Determining the number of factors in approximate factor models},
  journal =      {Econometrica},
  year =         {2002},
  volume =       {70},
  number =       {1},
  pages =        {191--221},
}

@ARTICLE{BY08,
  author =       {Z. Bai and J.-f. Yao},
  title =        {Central limit theorems for eigenvalues in a spiked population model},
  journal =      {Ann. Inst. H. Poincar{\'e} Probab. Statist.},
  year =         {2008},
  volume =       {44},
  number =       {3},
  pages =        {447--474},
}

@ARTICLE{BPP05,
   author  = {J. Baik and G. Ben Arous and and S. P{\'e}ch{\'e}},
   title   = {Phase transition of the largest eigenvalue for nonnull complex sample covariance matrices},
   journal = {The Annals of Probability},
   year    = {2005},
   volume  = {33},
   number  = {5},
   pages   = {1643--1697},
}

@ARTICLE{BS06,
  author =       {J. Baik and J. W. Silverstein},
  title =        {Eigenvalues of large sample covariance matrices of spiked population models},
  journal =      {Journal of Multivariate Analysis},
  year =         {2006},
  volume =       {97},
  number =       {6},
  pages =        {1382--1408},
}

@TECHREPORT{BSGx18_TR,
  author =    {M. Baity-Jesi and L. Sagun and M. Geiger and S. Spigler and G. Ben Arous and C. Cammarota and Y. LeCun and M. Wyart and G. Biroli},
  title =     {Comparing dynamics: deep neural networks versus glassy systems},
  number =    {Preprint: arXiv:1803.06969},
  year =      {2018},
}

@ARTICLE{SOC87,
  author =       {P. Bak and C. Tang and K. Wiesenfeld},
  title =        {Self-organized criticality: an explanation of $1/f$ noise},
  journal =      {Physical Review Letters},
  year =         {1987},
  volume =       {59},
  number =       {4},
  pages =        {381--384},
}

@ARTICLE{Bal97,
  author =       {V. Balasubramanian},
  title =        {Statistical Inference, {O}ccam's Razor, and Statistical Mechanics on the Space of Probability Distributions},
  journal =      {Neural Computation},
  year =         {1997},
  volume =       {9},
  number =       {2},
  pages =        {349-368},
}

@ARTICLE{BBCx16,
   author  = {C. Baldassi and C. Borgs and J. T. Chayes and A. Ingrosso and C. Lucibello and L. Saglietti and R. Zecchina},
   title   = {Unreasonable effectiveness of learning neural networks: From accessible states and robust ensembles to basic algorithmic schemes},
   journal = {Proc. Natl. Acad. Sci. USA},
   year    = {2016},
   volume  = {113},
   number  = {48},
   pages   = {E7655--E7662},
}

@Article{energy_landscape_wales17,
   author  = "A. J. Ballard and R. Das and S. Martiniani and D. Mehta and L. Sagun and J. D. Stevenson and D. J. Wales",
   title   = "Energy landscapes for machine learning",
   journal = "Physical Chemistry Chemical Physics",
   year    = "2017",
   volume  = "19",
   issue   = "20",
   pages   = "12585-12603",
}

@ARTICLE{BFMY12,
   author  = {R. A. Ba{\~n}os and L. A. Fernandez and V. Martin-Mayor and A. P. Young},
   title   = {The correspondence between long-range and short-range spin glasses},
   journal = {Phys. Rev. B},
   year    = {2012},
   volume  = {86},
   number  = {},
   pages   = {134416},
}

@ARTICLE{BHK90_multilayered,
  author =       {E. Barkai and D. Hansel and I. Kanter},
  title =        {Statistical mechanics of a multilayered neural network},
  journal =      {Phys. Rev. Lett.},
  year =         {1990},
  volume =       {65},
  issue =        {18},
  pages =        {2312--2315},
} 

@ARTICLE{BHS92,
  author =       {E. Barkai and D. Hansel and H. Sompolinsky},
  title =        {Broken symmetries in multilayered perceptrons},
  journal =      {Physical Review A},
  year =         {1992},
  volume =       {45},
  issue =        {6},
  pages =        {4146--4161},
}

@ARTICLE{BBSC12,
  author =       {A. Barra and A. Bernacchia and E. Santucci and P. Contucci},
  title =        {On the equivalence of {H}opfield Networks and {B}oltzmann Machines},
  journal =      {Neural Networks},
  year =         {2012}, 
  volume =       {34},
  number =       {},
  pages =        {1--9},
}

@ARTICLE{BGGT12,
  author =       {A. Barra and G. Genovese and F. Guerra and D. Tantari},
  title =        {How glassy are neural networks?},
  journal =      {Journal of Statistical Mechanics: Theory and Experiment},
  year =         {2012},
  volume =       {2012},
  number =       {07},
  pages =        {P07009},
}

@TECHREPORT{BGST16_TR,
  author =    {A. Barra and G. Genovese and P. Sollich and D. Tantari},
  title =     {Phase transitions in {R}estricted {B}oltzmann {M}achines with generic priors},
  number =    {Preprint: arXiv:1612.03132},
  year =      {2016},
}

@TECHREPORT{BGTS17_TR,
  author =    {A. Barra and G. Genovese and D. Tantari and P. Sollich},
  title =     {Phase Diagram of {R}estricted {B}oltzmann {M}achines and {G}eneralised {H}opfield {N}etworks with Arbitrary Priors},
  number =    {Preprint: arXiv:1702.05882},
  year =      {2017},
}

@INPROCEEDINGS{Bar97,
  author =       {P. L. Bartlett},
  title =        {For valid generalization, the size of the weights is more important than the size of the network},
  booktitle =    {Annual Advances in Neural Information Processing Systems 9: Proceedings of the 1996 Conference},
  year =         {1997},
  pages =        {134--140},
}

@ARTICLE{BarMen02,
  author =       {P. L. Bartlett and S. Mendelson},
  title =        {{R}ademacher and {G}aussian Complexities: Risk Bounds and Structural Results},
  journal =      {The Journal of Machine Learning Research},
  year =         {2002},
  volume =       {3},
  number =       {},
  pages =        {463--482}, 
}

@TECHREPORT{BFT17_TR,
  author =    {P. Bartlett and D. J. Foster and M. Telgarsky},
  title =     {Spectrally-normalized margin bounds for neural networks},
  number =    {Preprint: arXiv:1706.08498},
  year =      {2017},
}

@ARTICLE{Bau07,
   author  = {H. Bauke},
   title   = {Parameter estimation for power-law distributions by maximum likelihood methods},
   journal = {The European Physical Journal B},
   year    = {2007},
   volume  = {58},
   number  = {2},
   pages   = {167--173},
}

@ARTICLE{BH89,
  author =       {E. B. Baum and D. Haussler},
  title =        {What size net gives valid generalization?},
  journal =      {Neural Computation},
  year =         {1989},
  volume =       {1},
  number =       {1}, 
  pages =        {151--160},
}

@ARTICLE{BDG09,
   author  = {S. Belinschi and A. Dembo and A. Guionnet},
   title   = {Spectral measure of heavy tailed band and covariance random matrices},
   journal = {Communications in Mathematical Physics},
   year    = {2009},
   volume  = {289},
   number  = {3},
   pages   = {1023--1055},
}

@TECHREPORT{BMM18_TR,
  author =    {M. Belkin and S. Ma and S. Mandal},
  title =     {To understand deep learning we need to understand kernel learning},
  number =    {Preprint: arXiv:1802.01396},
  year =      {2018},
}

@ARTICLE{BG14,
   author  = {F. Benaych-Georges and A. Guionnet},
   title   = {Central limit theorem for eigenvectors of heavy tailed matrices},
   journal = {Electronic Journal of Probability},
   year    = {2014},
   volume  = {19},
   number  = {54},
   pages   = {1--27},
}

@INPROCEEDINGS{BLPL06,
  author =       {Y. Bengio and P. Lamblin and D. Popovici and H. Larochelle},
  title =        {Greedy layer-wise training of deep networks},
  booktitle =    {Annual Advances in Neural Information Processing Systems 19: Proceedings of the 2006 Conference},
  year =         {2006},
  pages =        {153--160},
}

@ARTICLE{BD09,
  author =       {Y. Bengio and O. Delalleau},
  title =        {Justifying and Generalizing Contrastive Divergence},
  journal =      {Neural Computation},
  year =         {2009},
  volume =       {21},
  number =       {6},
  pages =        {Pages: 1601--1621}, 
}

@ARTICLE{BCV13_PAMI,
  author =       {Y. Bengio and A. Courville and P. Vincent}, 
  title =        {Representation Learning: A Review and New Perspectives},
  journal =      {IEEE Transactions on Pattern Analysis and Machine Intelligence},
  year =         {2013},
  volume =       {35},
  number =       {8},
  pages =        {1798--1828}, 
}

@TECHREPORT{Ber16_TR,
  author =    {J. Berg},
  title =     {Statistical mechanics of the inverse {I}sing problem and the optimal objective function},
  number =    {Preprint: arXiv:1611.04281},
  year =      {2016},
}

@TECHREPORT{BBBT18_TR,
  author =    {L. Berthier and G. Biroli and J.-P. Bouchaud and G. Tarjus},
  title =     {Can the glass transition be explained without a growing static length scale?},
  number =    {Preprint: arXiv:1805.12378},
  year =      {2018},
}

@ARTICLE{BC06,
   author  = {E. Bertin and M. Clusel},
   title   = {Generalized extreme value statistics and sum of correlated variables},
   journal = {J. Phys. A: Math. Gen.},
   year    = {2006},
   volume  = {39},
   number  = {},
   pages   = {7607--7620},
}

@ARTICLE{Ber79,
  author =       {D. P. Bertsekas},
  title =        {Convexification procedures and decomposition methods for nonconvex optimization problems},
  journal =      {Journal of Optimization Theory and Applications},
  year =         {1979},
  volume =       {29},
  number =       {2},
  pages =        {169--197},
}

@ARTICLE{BSB95,
  author =       {G. J. Bex and R. Serneels and C. van den Broeck},
  title =        {Storage capacity and generalization for the reversed-wedge {I}sing perceptron},
  journal =      {Physical Review E},
  year =         {1995},
  volume =       {51},
  number =       {6},
  pages =        {6309--6312},
}

@TECHREPORT{BDHS17_TR,
  author =    {S. Bhamidi and S. Dhara and R. van der Hofstad and S. Sen},
  title =     {Universality for critical heavy-tailed network models: metric structure of maximal components},
  number =    {Preprint: arXiv:1703.07145},
  year =      {2017},
}

@ARTICLE{BZ87,
  author =       {W. Bialek and A. Zee},
  title =        {Statistical Mechanics and Invariant Perception},
  journal =      {Phys. Rev. Lett.},
  year =         {1987},
  volume =       {58},
  number =       {7},
  pages =        {741--744},
}

@ARTICLE{BM94,
  author =       {M. Biehl and A. Mietzner},
  title =        {Statistical mechanics of unsupervised structure recognition},
  journal =      {Journal of Physics A: Mathematical and General},
  year =         {1994},
  volume =       {27},
  number =       {6},
  pages =        {1885},
}

@INPROCEEDINGS{BO95_largest,
  author =       {M. Biehl and M. Opper},
  title =        {Perceptron Learning: The Largest Version Space},
  booktitle =    {Proceedings of the CTP--PBSRI Workshop on Theoretical Physics, World Scientific},
  year =         {1995},
  pages =        {},
}

@ARTICLE{BRW96,
  author =       {M. Biehl and P. Riegler and C. Wohler},
  title =        {Transient dynamics of on-line learning in two-layered neural networks},
  journal =      {Journal of Physics A: Mathematical and General},
  year =         {1996},
  volume =       {29},
  number =       {16},
  pages =        {4769},
}

@article{heavytails2007,
  author =     {G. Biroli and J.-P. Bouchaud and M. Potters},
  title =      {On the top eigenvalue of heavy-tailed random matrices},
  journal =    {EPL (Europhysics Letters)},
  year =       {2007},
  volume =     {78},
  number =     {1},
  pages =      {10001},
}

@article{disordered2007,
  author =     {G. Biroli and J.-P. Bouchaud and M. Potters},
  title =      {Extreme value problems in Random Matrix Theory and other disordered systems},
  journal =    {J. Stat. Mech.},
  year =       {2007},
  volume =     {2007},
  number =     {},
  pages =      {07019},
}

@TECHREPORT{BS16_TR,
  author =    {M. Borgerding and P. Schniter},
  title =     {Onsager-corrected deep learning for sparse linear inverse problems},
  number =    {Preprint: arXiv:1607.05966},
  year =      {2016},
}

@ARTICLE{Bos90_early,
  author =       {S. B{\"o}s},
  title =        {Statistical mechanics approach to early stopping and weight decay},
  journal =      {Phys. Rev. E},
  year =         {1998},
  volume =       {58},
  issue =        {},
  pages =        {833--844},
}

@INCOLLECTION{Bot15,
  author =       {L. Bottou},
  title =        {Making {V}apnik-{C}hervonenkis bounds accurate},
  booktitle =    {Measures of Complexity: Festschrift for Alexey Chervonenkis},
  year =         {2015},
  pages =        {143--155},
  editor =       {V. Vovk and H. Papadopoulos and A. Gammerman},
  series =       {},
  publisher =    {Springer International Publishing},
}

@ARTICLE{BG90,
  author =       {J.-P. Bouchaud and A. Georges},
  title =        {Anomalous diffusion in disordered media: Statistical mechanisms, models and physical applications},
  journal =      {Physics Reports},
  year =         {1990},
  volume =       {195},
  number =       {4–5},
  pages =        {127--293},
}

@ARTICLE{BM97,
  author =       {J.-P. Bouchaud and M. M\'ezard},
  title =        {Universality classes for extreme-value statistics},
  journal =      {Journal of Physics A: Mathematical and General},
  year =         {1997},
  volume =       {30},
  number =       {23},
  pages =        {7997},
}

@BOOK{BouchaudPotters03,     
  author =       {J. P. Bouchaud and M. Potters},
  title =        {Theory of Financial Risk and Derivative Pricing: From Statistical Physics to Risk Management},
  publisher =    {Cambridge University Press},
  year =         {2003},
  address =      {},
  series =       {},
}

@INCOLLECTION{BP11,
  author =       {J. P. Bouchaud and M. Potters},
  title =        {Financial Applications of Random Matrix Theory: a short review},
  booktitle =    {The Oxford Handbook of Random Matrix Theory},
  year =         {2011},
  pages =        {},
  editor =       {G. Akemann and J. Baik and P. Di Francesco},
  series =       {},
  publisher =    {Oxford University Press},
}

@ARTICLE{BLMP07,
  author =       {J.-P. Bouchaud and L. Laloux and M. A. Miceli and M. Potters},
  title =        {Large dimensional forecasting models and random singular value spectra},
  journal =      {The European Physical Journal B},
  year =         {2007},
  volume =       {55},
  number =       {2}, 
  pages =        {201--207},
}

@TECHREPORT{BP18_TR,
  author =    {J. P. Bouchaud and M. Potters},
  title =     {Two short pieces around the {W}igner problem},
  number =    {Preprint: arXiv:1809.02205},
  year =      {2018},
}

@ARTICLE{BN01,
  author =       {A. Bovier and B. Niederhauser},
  title =        {The spin-glass phase-transition in the {H}opfield model with p-spin interactions},
  journal =      {Adv. Theor. Math. Phys.},
  year =         {2001},
  volume =       {5},
  number =       {},
  pages =        {1001--1046},
}

@ARTICLE{BFZ04,
  author =       {V. Branchina and H. Faivre and D. Zappal{\`a}},
  title =        {Effective action in the quantum equation of motion},
  journal =      {The European Physical Journal C - Particles and Fields},
  year =         {2004},
  volume =       {36},
  number =       {2},
  pages =        {271--281},
}

@ARTICLE{BBV11,
  author =       {O. Breuleux and Y. Bengio and P. Vincent},
  title =        {Quickly generating representative samples from an {RBM}-derived process},
  journal =      {Neural Computation},
  year =         {2011},
  volume =       {23},
  number =       {8},
  pages =        {2058--2073}, 
}

@TECHREPORT{noscalefree,
  author =    {A. D. Broido and A. Clauset},
  title =     {Scale-free networks are rare},
  number =    {Preprint: arXiv:1801.03400},
  year =      {2018},
}

@TECHREPORT{BLS15_TR,
  author =    {S. Bubeck and Y. T. Lee and M. Singh},
  title =     {A geometric alternative to {N}esterov's accelerated gradient descent},
  number =    {Preprint: arXiv:1506.08187},
  year =      {2015},
}

@inproceedings{BCN06,
  author =       {C. Bucila and R. Caruana and A. Niculescu-Mizil},
  title =        {Model compression},
  booktitle =    {Proceedings of the 12th Annual ACM SIGKDD Conference},
  pages =        {2006},
  year =         {535--541},
}

@mastersthesis{BudMS16,
  author =       {P. Budzianowski},
  title =        {Training {R}estricted {B}oltzmann {M}achines using high temperature expansions},
  school =       {University of Cambridge},
  year =         {2016},
}

@TECHREPORT{BBP16_TR,
  author =    {J. Bun and J.-P. Bouchaud and M. Potters},
  title =     {On the overlaps between eigenvectors of correlated random matrices},
  number =    {Preprint: arXiv:1603.04364},
  year =      {2016},
}

@ARTICLE{bun2017,
  author =       {J. Bun and J.-P. Bouchaud and M. Potters}, 
  title =        {Cleaning large Correlation Matrices: tools from Random Matrix Theory}, 
  journal =      {Physics Reports}, 
  year =         {2017}, 
  volume =       {666}, 
  number =       {},
  pages =        {1-109},
}

@TECHREPORT{BJNx01_TR,
  author =    {Z. Burda and J. Jurkiewicz and M. A. Nowak and G. Papp and I. Zahed},
  title =     {{L}{\'e}vy Matrices and Financial Covariances},
  number =    {Preprint: arXiv:cond-mat/0103108},
  year =      {2001},
}

@TECHREPORT{BJNx06_TR,
  author =    {Z. Burda and J. Jurkiewicz and M. A. Nowak and G. Papp and I. Zahed},
  title =     {Random {L}{\'e}vy matrices revisited},
  number =    {Preprint: arXiv:cond-mat/0602087},
  year =      {2006},
}

@TECHREPORT{BJ09_TR,
  author =    {Z. Burda and J. Jurkiewicz},
  title =     {Heavy-tailed random matrices},
  number =    {Preprint: arXiv:0909.5228},
  year =      {2009},
}

@TECHREPORT{BGS14_TR,
  author =    {Y. Burda and R. B. Grosse and R. Salakhutdinov},
  title =     {Accurate and Conservative Estimates of {MRF} Log-likelihood using Reverse Annealing},
  number =    {Preprint: arXiv:1412.8566},
  year =      {2014},
}

@ARTICLE{BGW06,
   author  = {Z. Burda and A. T. G\"orlich and B. Wac\l{}aw},
   title   = {Spectral properties of empirical covariance matrices for data with power law tails},
   journal = {Physical Review E},
   year    = {2006},
   volume  = {74},
   number  = {4},
   pages   = {041129},
}

@ARTICLE{Caf98,
  author =       {R. E. Caflisch}, 
  title =        {Monte {C}arlo and quasi-{M}onte {C}arlo methods},
  journal =      {Acta Numerica},
  year =         {1998},
  volume =       {7},
  number =       {},
  pages =        {1--49},
}

@INPROCEEDINGS{CCC15_AISTATS,
  author =       {D. Carlson and V. Cevher and L. Carin},
  title =        {Stochastic spectral descent for {R}estricted {B}oltzmann {M}achines},
  booktitle =    {Proceedings of the 18th International Workshop on Artificial Intelligence and Statistics},
  year =         {2015},
  pages =        {},
}

@INPROCEEDINGS{CH05,
  author =       {M. A. Carreira-Perpinan and G. E. Hinton},
  title =        {On contrastive divergence learning},
  booktitle =    {Proceedings of the 8th International Workshop on Artificial Intelligence and Statistics},
  year =         {2005},
  pages =        {},
}

@TECHREPORT{Cas13_TR,
  author =    {M. Castellana},
  title =     {The Renormalization Group for Disordered Systems},
  number =    {Preprint: arXiv:1307.6891},
  year =      {2013},
}

@ARTICLE{CDFMx10,
  author =       {M. Castellana and A. Decelle and S. Franz and M. M\'ezard and and G. Parisi},
  title =        {Hierarchical Random Energy Model of a Spin Glass},
  journal =      {Phys. Rev. Lett.},
  year =         {2010},
  volume =       {104},
  issue =        {12},
  pages =        {127206},
}

@ARTICLE{Cas14,
  author =       {M. Castellana},
  title =        {Extreme-Value Distributions and the Freezing Transition of Structural Glasses},
  journal =      {Phys. Rev. Lett.},
  year =         {2014},
  volume =       {112},
  number =       {215701},
  pages =        {},
}

@ARTICLE{CC05,
  author =       {T. Castellani and A. Cavagna},
  title =        {Spin glass theory for pedestrians},
  journal =      {Journal of Statistical Mechanics: Theory and Experiment},
  year =         {2005},
  volume =       {2005},
  number =       {05},
  pages =        {P05012},
}

@ARTICLE{CGP98,
  author =       {A. Cavagna and I. Giardina and G. Parisi},
  title =        {On the stationary points of the {TAP} free energy},
  journal =      {Physical Review B},
  year =         {1998},
  volume =       {57},
  number =       {18},
  pages =        {11251--11257},
}

@TECHREPORT{CMHx17_TR,
  author =    {B. Chang and L. Meng and E. Haber and L. Ruthotto and D. Begert and E. Holtham},
  title =     {Reversible Architectures for Arbitrarily Deep Residual Neural Networks},
  number =    {Preprint: arXiv:1709.03698},
  year =      {2017},
}

@ARTICLE{CF93,
  author =       {X. Chang and K. F. Freed},
  title =        {Test of theory for long time dynamics of floppy molecules in solution using {B}rownian dynamics simulation of octane},
  journal =      {Journal of Chemical Physics},
  year =         {1993},
  volume =       {99},
  number =       {10},
  pages =        {8016--8030}, 
}

@ARTICLE{CP87,
  author =       {P. Carnevali and S. Patarnello},
  title =        {Exhaustive Thermodynamical Analysis of {B}oolean Learning Networks},
  journal =      {Europhysics Letters},
  year =         {1987},
  volume =       {4}, 
  number =       {10},
  pages =        {1199--1204}, 
}

@TECHREPORT{CS15_v4_TR,
  author =    {P. Chaudhari and S. Soatto},
  title =     {The Effect of Gradient Noise on the Energy Landscape of Deep Networks},
  number =    {Preprint: arXiv:1511.06485v4},
  year =      {2015},
}

@TECHREPORT{CS15_v5_TR,
  author =    {P. Chaudhari and S. Soatto},
  title =     {On the energy landscape of deep networks},
  number =    {Preprint: arXiv:1511.06485v5},
  year =      {2015},
}

@TECHREPORT{CCSLx16_TR,
  author =    {P. Chaudhari and A. Choromanska and S. Soatto and Y. LeCun and C. Baldassi and C. Borgs and J. Chayes and L. Sagun and R. Zecchina},
  title =     {Entropy {SGD}: Biasing Gradient Descent into Wide Valleys},
  number =    {Preprint: arXiv:1611.01838},
  year =      {2016},
}

@TECHREPORT{CS17_TR,
  author =    {P. Chaudhari and S. Soatto},
  title =     {Stochastic gradient descent performs variational inference, converges to limit cycles for deep networks},
  number =    {Preprint: arXiv:1710.11029},
  year =      {2017},
}

@TECHREPORT{CBZx17_TR,
  author =    {P. Chaudhari and C. Baldassi and R. Zecchina and S. Soatto and A. Talwalkar and A. Oberman},
  title =     {{PARLE}: Parallelizing stochastic gradient descent},
  number =    {Preprint: arXiv:1707.00424},
  year =      {2017},
}

@TECHREPORT{COO17_TR,
  author =    {P. Chaudhari and A. Oberman and S. Osher and S. Soatto and G. Carlier},
  title =     {Deep relaxation: Partial differential equations for optimizing deep neural networks},
  number =    {Preprint: arXiv:1704.04932},
  year =      {2017},
}

@TECHREPORT{CRBD18_TR,
  author =    {R. T. Q. Chen and Y. Rubanova and J. Bettencourt and D. Duvenaud},
  title =     {Neural Ordinary Differential Equations},
  number =    {Preprint: arXiv:1806.07366},
  year =      {2018},
}

@TECHREPORT{CKSDx16_TR,
  author =    {X. Chen and D. P. Kingma and T. Salimans and Y. Duan and P. Dhariwal and J. Schulman and I. Sutskever and P. Abbeel},
  title =     {Variational Lossy Autoencoder},
  number =    {Preprint: arXiv:1611.02731},
  year =      {2016},
}

@TECHREPORT{CW16_TR,
  author =    {Y. Chen and M. Welling},
  title =     {Herding as a learning system with edge-of-chaos dynamics},
  number =    {Preprint: arXiv:1602.03014},
  year =      {2016},
}

@TECHREPORT{CG18_TR,
  author =    {J. Chen and Q. Gu},
  title =     {Closing the generalization gap of adaptive gradient methods in training deep neural networks},
  number =    {Preprint: arXiv:1806.06763},
  year =      {2018},
}

@TECHREPORT{CWZZ17_TR,
  author =    {Y. Cheng and D. Wang and P. Zhou and T. Zhang},
  title =     {A Survey of Model Compression and Acceleration for Deep Neural Networks},
  number =    {Preprint: arXiv:1710.09282},
  year =      {2017},
}

@TECHREPORT{CTWG16_TR,
  author =    {S. Cherla and S. N. Tran and T. Weyde and A. d'Avila Garcez},
  title =     {Generalizing the Discriminative Restricted {B}oltzmann Machine},
  number =    {Preprint: arXiv:1604.01806},
  year =      {2016},
}

@TECHREPORT{CHMAx14_TR,
  author =    {A. Choromanska and M. Henaff and M. Mathieu and G. Ben Arous and Y. LeCun},
  title =     {The Loss Surfaces of Multilayer Networks},
  number =    {Preprint: arXiv:1412.0233},
  year =      {2014},
}

@TECHREPORT{CMGS10_TR,
  author =    {D. C. Ciresan and U. Meier and L. M. Gambardella and J. Schmidhuber},
  title =     {Deep Big Simple Neural Nets Excel on Handwritten Digit Recognition},
  number =    {Preprint: arXiv:1003.0358},
  year =      {2010},
}

@TECHREPORT{CBGDU17_TR,
  author =    {M. Cisse and P. Bojanowski and E. Grave and Y. Dauphin and N. Usunier},
  title =     {Parseval Networks: Improving Robustness to Adversarial Examples},
  number =    {Preprint: arXiv:1704.08847},
  year =      {2017},
}

@ARTICLE{CB93,
   author  = {P. Cizeau and J. P. Bouchaud},
   title   = {Mean field theory of dilute spin-glasses with power-law interactions},
   journal = {Journal of Physics A: Mathematical and General},
   year    = {1993},
   volume  = {26},
   number  = {5},
   pages   = {L187--L194},
}

@ARTICLE{PB94,
   author  = {P. Cizeau and J. P. Bouchaud},
   title   = {Theory of {L}{\'e}vy matrices},
   journal = {Physical Review E},
   year    = {1994},
   volume  = {50},
   number  = {3},
   pages   = {1810--1822},
}

@ARTICLE{CSN09_powerlaw,
   author  = {A.~Clauset and C.~R.~Shalizi and M.~E.~J.~Newman},
   title   = {Power-law distributions in empirical data},
   journal = {SIAM Review},
   year    = {2009},
   volume  = {51},
   number  = {4},
   pages   = {661--703}, 
}

@TECHREPORT{CMPx17_TR,
  author =    {S. Cocco and R. Monasson and L. Posani and S. Rosay and J. Tubiana},
  title =     {Statistical physics and representations in real and artificial neural networks},
  number =    {Preprint: arXiv:1709.02470},
  year =      {2017},
}

@ARTICLE{CT92,
  author =       {D. Cohn and G. Tesauro},
  title =        {How Tight Are the {V}apnik-{C}hervonenkis Bounds?},
  journal =      {Neural Computation},
  year =         {1992},
  volume =       {4},
  number =       {2},
  pages =        {249--269},
}

@ARTICLE{CKC96,
  author =       {M. Copelli and O. Kinouchi and N. Caticha},
  title =        {Equivalence between learning in noisy perceptrons and tree committee machines},
  journal =      {Physical Review E},
  year =         {1996},
  volume =       {53},
  number =       {},
  pages =        {6341--6352},
}

@ARTICLE{CC95,
  author =       {M. Copelli and N. Caticha},
  title =        {On-line learning in the committee machine},
  journal =      {Journal of Physics A: Mathematical and Generals},
  year =         {1995},
  volume =       {28},
  number =       {6},
  pages =        {1615},
}

@ARTICLE{CD13,
   author  = {R. Couillet and M. Debbah},
   title   = {Signal processing in large systems: A new paradigm},
   journal = {IEEE Signal Processing Magazine},
   year    = {2013},
   volume  = {30},
   number  = {1},
   pages   = {24--39},
}

@TECHREPORT{CBD14_TR,
  author =    {M. Courbariaux and Y. Bengio and J.-P. David},
  title =     {Training deep neural networks with low precision multiplications},
  number =    {Preprint: arXiv:1412.7024},
  year =      {2014},
}

@TECHREPORT{CL15_TR,
  author =    {M.-A. C{\^o}t{\'e} and H. Larochelle},
  title =     {An Infinite {R}estricted {B}oltzmann {M}achine},
  number =    {Preprint: arXiv:1502.02476},
  year =      {2015},
}

@TECHREPORT{CHSEx16_TR,
  author =    {M. Courbariaux and I. Hubara and D. Soudry and R. El-Yaniv and Y. Bengio},
  title =     {Binarized neural networks: training neural networks with weights and activations constrained to +1 or -1},
  number =    {Preprint: arXiv:1602.02830},
  year =      {2016},
}

@BOOK{Cowan67,     
  author =       {J. D. Cowan},
  title =        {Statistical Mechanics of Neural Networks},
  publisher =    {Ft. Belvoir: Defense Technical Information Center},
  year =         {1967},
  address =      {},
  series =       {},
}

@TECHREPORT{DLST16_TR,
  author =    {A. Daniely and N. Lazic and Y. Singer and K. Talwar},
  title =     {Sketching and neural networks},
  number =    {Preprint: arXiv:1604.05753},
  year =      {2016},
}

@INPROCEEDINGS{DPGCx14,
  author =       {Y. N. Dauphin and R. Pascanu and C. Gulcehre and K. Cho and S. Ganguli and Y. Bengio},
  title =        {Identifying and attacking the saddle point problem in high-dimensional non-convex optimization},
  booktitle =    {Annual Advances in Neural Information Processing Systems 27: Proceedings of the 2014 Conference},
  year =         {2014},
  pages =        {2933--2941}, 
}

@ARTICLE{DPS14,
   author  = {R. A. Davis and O. Pfaffel and R. Stelzer},
   title   = {Limit theory for the largest eigenvalues of sample covariance matrices with heavy-tails},
   journal = {Stochastic Processes and their Applications},
   year    = {2014},
   volume  = {124},
   number  = {1},
   pages   = {18--50},
}

@ARTICLE{DMP16,
   author  = {R. A. Davis and T. Mikosch and O. Pfaffel},
   title   = {Asymptotic theory for the sample covariance matrix of a heavy-tailed multivariate time series},
   journal = {Stochastic Processes and their Applications},
   year    = {2016},
   volume  = {126},
   number  = {3},
   pages   = {767--799},
}

@ARTICLE{DHNZ95,
  author =       {P. Dayan and G. E. Hinton and R. M. Neal and R. S. Zemel},
  title =        {The {H}elmholtz machine},
  journal =      {Neural Computation},
  year =         {1995},
  volume =       {7},
  number =       {5}, 
  pages =        {889--904}, 
}

@ARTICLE{DS01,
  author =       {P. G. Debenedetti and F. H. Stillinger},
  title =        {Supercooled liquids and the glass transition},
  journal =      {2001},
  year =         {Nature},
  volume =       {410},
  number =       {},
  pages =        {259--267},
}

@ARTICLE{DC13,
   author  = {A. Corral and A. Deluca},
   title   = {Fitting and goodness-of-fit test of non-truncated and truncated power-law distributions},
   journal = {Acta Geophysica},
   year    = {2013},
   volume  = {61},
   number  = {6},
   pages   = {1351--1394},
}

@ARTICLE{Der80,
  author =       {B. Derrida},
  title =        {The random energy model},
  journal =      {Physics Reports},
  year =         {1980},
  volume =       {67},
  number =       {1},
  pages =        {29--35},
}

@ARTICLE{Der97,
  author =       {B. Derrida},
  title =        {From random walks to spin glasses},
  journal =      {Physica D},
  year =         {1997}, 
  volume =       {107},
  number =       {2-4},
  pages =        {186--198},
}

@TECHREPORT{DLCB14_TR,
  author =    {G. Desjardins and H. Luo and A. Courville and Y. Bengio},
  title =     {Deep Tempering},
  number =    {Preprint: arXiv:1410.0123},
  year =      {2014},
}

@ARTICLE{DeS04,
  author =       {A. DeSimone}, 
  title =        {Coarse-grained models of materials with non-convex free-energy: two case studies},
  journal =      {Computer Methods in Applied Mechanics and Engineering},
  year =         {2004},
  volume =       {193},
  number =       {48–51},
  pages =        {5129--5141},
}

@TECHREPORT{DHLS16_TR,
  author =    {S. Dhara and R. van der Hofstad and J. S.H. van Leeuwaarden and S. Sen},
  title =     {Heavy-tailed configuration models at criticality},
  number =    {Preprint: arXiv:1612.00650},
  year =      {2016},
}

@TECHREPORT{DPBB17_TR,
  author =    {L. Dinh and R. Pascanu and S. Bengio and Y. Bengio},
  title =     {Sharp minima can generalize for deep nets},
  number =    {Preprint: arXiv:1703.04933},
  year =      {2017},
}

@ARTICLE{Dot11,
  author =       {V. Dotsenko},
  title =        {Replica solution of the random energy model},
  journal =      {Europhysics Letters},
  year =         {2011},
  volume =       {95},
  number =       {5},
  pages =        {50006},
}

@TECHREPORT{DZZ15_TR,
  author =    {C. Du and J. Zhu and B. Zhang},
  title =     {Learning Deep Generative Models with Doubly Stochastic {MCMC}},
  number =    {Preprint: arXiv:1506.04557},
  year =      {2015},
}

@TECHREPORT{DL18_TR,
  author =    {S. S. Du and J. D. Lee},
  title =     {On the power of over-parameterization in neural networks with quadratic activations},
  number =    {Preprint: arXiv:1803.01206},
  year =      {2018},
}

@ARTICLE{DKPP16,
  author =       {A. B. Duncan and S. Kalliadasis and G. A. Pavliotis and and M. Pradas},
  title =        {Noise-induced transitions in rugged energy landscapes},
  journal =      {Physical Review E},
  year =         {2016},
  volume =       {94},
  number =       {032107},
  pages =        {},
}

@BOOK{orangeBook,     
  author =       {R. O. Duda and P. E. Hart and D. G. Stork}, 
  title =        {Pattern Classification},
  publisher =    {John Wiley {\&} Sons},
  year =         {2001},
  address =      {},
  series =       {},
}

@ARTICLE{DHN09,
  author =       {J. C. Dyre and T. Hechsher and K. Niss},
  title =        {A brief critique of the {A}dam-{G}ibbs entropy model},
  journal =      {Journal of Non-Crystalline Solids},
  year =         {2009},
  volume =       {355},
  number =       {10–12},
  pages =        {624--627},
}

@TECHREPORT{DR17_TR,
  author =    {G. K. Dziugaite and D. M. Roy},
  title =     {Entropy-{SGD} optimizes the prior of a {PAC}-{B}ayes bound: generalization properties of {E}ntropy-{SGD} and data-dependent priors},
  number =    {Preprint: arXiv:1712.09376},
  year =      {2017},
}

@TECHREPORT{DR17_nonvacuous_TR,
  author =    {G. K. Dziugaite and D. M. Roy},
  title =     {Computing nonvacuous generalization bounds for deep (stochastic) neural networks with many more parameters than training data},
  number =    {Preprint: arXiv:1703.11008},
  year =      {2017},
}

@ARTICLE{ER05,
  author =       {A. Edelman and N. R. Rao},
  title =        {Random matrix theory},
  journal =      {Acta Numerica},
  year =         {2005},
  volume =       {14},
  issue =        {},
  pages =        {233--297},
}

@INCOLLECTION{EW13,
  author =       {A. Edelman and Y. Wang},
  title =        {Random Matrix Theory and Its Innovative Applications},
  booktitle =    {Advances in Applied Mathematics, Modeling, and Computational Science},
  year =         {2013},
  pages =        {},
  editor =       {R. Melnik and I. Kotsireas},
  series =       {},
  publisher =    {Springer},
}

@ARTICLE{AGP16,
   author  = {A. Edelman and A. Guionnet and S. P{\'e}ch{\'e}},
   title   = {Beyond universality in random matrix theory},
   journal = {Ann. Appl. Probab.},
   year    = {2016},
   volume  = {26},
   number  = {3},
   pages   = {1659--1697},
}

@ARTICLE{ER94_reliability,
  author =       {A. Engel and L. Reimers},
  title =        {Reliability of Replica Symmetry for the Generalization Problem of a Toy Multilayer Neural Network},
  journal =      {EPL (Europhysics Letters)},
  year =         {1994},
  volume =       {28},
  issue =        {7},
  pages =        {531--536},
}

@ARTICLE{Eng01,
  author =       {A. Engel},
  title =        {Complexity of learning in artificial neural networks},
  journal =      {Theoretical Computer Science},
  year =         {2001},
  volume =       {265},
  number =       {1–2}, 
  pages =        {285--306},
}

@BOOK{EB01_BOOK,     
  author =       {A. Engel and C. P. L. Van den Broeck},
  title =        {Statistical mechanics of learning},
  publisher =    {Cambridge University Press},
  year =         {2001},
  address =      {New York, NY, USA},
  series =       {},
}

@ARTICLE{EBCx10,
  author =       {D. Erhan and Y. Bengio and A. Courville and P.-A. Manzagol and P. Vincent and S. Bengio}, 
  title =        {Why Does Unsupervised Pre-training Help Deep Learning?},
  journal =      {The Journal of Machine Learning Research},
  year =         {2010},
  volume =       {11},
  number =       {},
  pages =        {625--660},
}

@ARTICLE{EF93,
  author =       {A. Engel and W. Fink},
  title =        {Statistical mechanics calculation of {V}apnik-{C}hervonenkis bounds for perceptrons},
  journal =      {Journal of Physics A: Mathematical and General},
  year =         {1993},
  volume =       {26},
  number =       {23},
  pages =        {6893},
}

@TECHREPORT{FC18_TR,
  author =    {J. Frankle and M. Carbin},
  title =     {The lottery ticket hypothesis: training pruned neural networks},
  number =    {Preprint: arXiv:1803.03635},
  year =      {2018},
}

@ARTICLE{FP07,
   author  = {D. F{\'e}ral and S. P{\'e}ch{\'e}},
   title   = {The Largest Eigenvalue of Rank One Deformation of Large {W}igner Matrices},
   journal = {Communications in Mathematical Physics},
   year    = {2007},
   volume  = {272},
   number  = {1},
   pages   = {185--228},
}

@INPROCEEDINGS{FI10,
  author =       {A. Fischer and C. Igel},
  title =        {Empirical analysis of the divergence of Gibbs sampling based learning algorithms for restricted {B}oltzmann machines},
  booktitle =    {Proceedings of the 20th International Conference on Artificial Neural Networks (ICANN 10)},
  year =         {2010},
  pages =        {208--217}, 
}

@ARTICLE{FI14,
  author =       {A. Fischer and C. Igel},
  title =        {Training {R}estricted {B}oltzmann {M}achines: An Introduction},
  journal =      {Pattern Recognition},
  year =         {2014},
  volume =       {47},
  number =       {1},
  pages =        {25--39},
}

@ARTICLE{FW95,
  author =       {S. Floyd and M. Warmuth},
  title =        {Sample compressibility, learnability, and the {V}apnik-{C}hervonenkis dimension},
  journal =      {Machine Learning},
  year =         {1995},
  volume =       {21},
  number =       {3},
  pages =        {269--304},
}

@ARTICLE{For93,
   author  = {P. J. Forrester},
   title   = {The spectrum edge of random matrix ensembles},
   journal = {Nuclear Physics B},
   year    = {1993},
   volume  = {402},
   number  = {3},
   pages   = {709--728},
}

@ARTICLE{FC15,
  author =       {J.-Y. Fortin and M. Clusel},
  title =        {Applications of extreme value statistics in physics},
  journal =      {Journal of Physics A: Mathematical and Theoretical},
  year =         {2015},
  volume =       {48},
  number =       {18},
  pages =        {183001},
}

@TECHREPORT{FB16_TR,
  author =    {C. D. Freeman and J. Bruna},
  title =     {Topology and geometry of deep rectified network optimization landscapes},
  number =    {Preprint: arXiv:1611.01540},
  year =      {2016},
}

@TECHREPORT{FK17_TR,
  author =    {G. Friedland and M. Krell},
  title =     {A Capacity Scaling Law for Artificial Neural Networks},
  number =    {Preprint: arXiv: 1708.06019},
  year =      {2017},
}

@ARTICLE{FIBX12,
  author =       {N. Friedman and S. Ito and B. A. W. Brinkman and M. Shimono and R. E. L. DeVille and K. A. Dahmen and J. M. Beggs and T. C. Butler},
  title =        {Universal Critical Dynamics in High Resolution Neuronal Avalanche Data},
  journal =      {Phys. Rev. Lett.},
  year =         {2012},
  volume =       {108},
  number =       {20},
  pages =        {208102},
}

@ARTICLE{Fu02,
  author =       {M. C. Fu},
  title =        {Optimization for simulation: Theory vs. Practice},
  journal =      {INFORMS Journal on Computing archive},
  year =         {2002}, 
  volume =       {14},
  number =       {3},
  pages =        {192--215},
}

@TECHREPORT{Fyo13_TR,
  author =    {Y. V Fyodorov},
  title =     {High-Dimensional Random Fields and Random Matrix Theory},
  number =    {Preprint: arXiv:1307.2379},
  year =      {2013},
}

@ARTICLE{GabKon99,
  author =       {A. G{\'a}bora and I. Kondor},
  title =        {Portfolios with nonlinear constraints and spin glasses},
  journal =      {Physica A: Statistical Mechanics and its Applications},
  year =         {1999},
  volume =       {274},
  number =       {1–2},
  pages =        {222--228},
}

@TECHREPORT{GTZ15_TR,
  author =    {M. Gabri{\'e} and E. W. Tramel and F. Krzakala},
  title =     {Training {R}estricted {B}oltzmann {M}achines via the {T}houless-{A}nderson-{P}almer Free Energy},
  number =    {Preprint: arXiv:1506.02914},
  year =      {2015},
}

@INPROCEEDINGS{GTK15,
  author =       {M. Gabri{\'e} and E. W. Tramel and F. Krzakala},
  title =        {Training {R}estricted {B}oltzmann {M}achines via the {T}houless-{A}nderson-{P}almer Free Energy},
  booktitle =    {Annual Advances in Neural Information Processing Systems 28: Proceedings of the 2015 Conference},
  year =         {2015},
  pages =        {640--648},
}

@article{galluccio1998,
  author =       {S. Galluccio and J.-P. Bouchaud and M. Potters},
  title =        {Rational decisions, random matrices and spin glasses},
  year =         {1998},
  journal =      {Physica A},
  volume =       {259},
  number =       {},
  pages =        {449–-456},
}

@TECHREPORT{GW17_TR,
  author =    {A. C. Gamst and A. Walker},
  title =     {The energy landscape of a simple neural network},
  number =    {Preprint: arXiv:1706.07101},
  year =      {2017},
}

@ARTICLE{GH10,
  author =       {S. Ganguli and H. Sompolinsky},
  title =        {Statistical mechanics of compressed sensing},
  journal =      {Phys. Rev. Lett.},
  year =         {2010},
  volume =       {104},
  number =       {18},
  pages =        {188701},
}

@ARTICLE{Gar85,
  author =       {E. Gardner},
  title =        {Spin glasses with $p$-spin interactions},
  journal =      {Nuclear Physics B},
  year =         {1985},
  volume =       {257},
  number =       {},
  pages =        {747--765},
}

@ARTICLE{GD89,
  author =       {E. Gardner and B. Derrida},
  title =        {Three unfinished works on the optimal storage capacity of networks},
  journal =      {Journal of Physics A: Mathematical and General},
  year =         {1989},
  volume =       {22},
  number =       {12},
  pages =        {1983--1994},
}

@TECHREPORT{AllenNLP,
  author =    {M. Gardner and J. Grus and M. Neumann and O. Tafjord and P. Dasigi and N. Liu and M. Peters and M. Schmitz and L. Zettlemoyer},
  title =     {{AllenNLP}: A Deep Semantic Natural Language Processing Platform},
  number =    {Preprint: arXiv:1803.07640},
  year =      {2018},
}

@TECHREPORT{GLM16_TR,
  author =    {R. Ge and J. D. Lee and T. Ma},
  title =     {Matrix Completion has No Spurious Local Minimum},
  number =    {Preprint: arXiv:1605.07272},
  year =      {2016},
}

@INPROCEEDINGS{GHJY15_CONF,
  author =       {R. Ge and F. Huang and C. Jin and Y. Yuan},
  title =        {Escaping from Saddle Points---Online Stochastic Gradient for Tensor Decomposition},
  booktitle =    {Proceedings of the 28th Annual Conference on Learning Theory},
  year =         {2015},
  pages =        {},
}

@TECHREPORT{GSdx18_TR,
  author =    {M. Geiger and S. Spigler and S. d'Ascoli and L. Sagun and M. Baity-Jesi and G. Biroli and M. Wyart},
  title =     {The jamming transition as a paradigm to understand the loss landscape of deep neural networks},
  number =    {Preprint: arXiv:1809.09349},
  year =      {2018},
}

@article{GY91,
  author =       {A. Georges and J. S. Yedidia},
  title =        {How to expand around mean-field theory using high-temperature expansions},
  journal =      {Journal of Physics A: Mathematical and General},
  year =         {1991},
  volume =       {24},
  number =       {9},
  pages =        {2173--2192},
}

@ARTICLE{Gew89,
  author =       {J. Geweke},
  title =        {Bayesian Inference in Econometric Models Using {M}onte {C}arlo Integration},
  journal =      {Econometrica},
  year =         {1989},
  volume =       {57},
  number =       {6},
  pages =        {1317--1339},
}

@ARTICLE{GL13,
  author =       {S. Ghadimi and G. Lan},
  title =        {Stochastic First- and Zeroth-order Methods for Nonconvex Stochastic Programming},
  journal =      {SIAM J. Optim.},
  year =         {2013},
  volume =       {23},
  number =       {4},
  pages =        {2341--2368},
}

@ARTICLE{GL97,
  author =       {L. El Ghaoui and H. Lebret},
  title =        {Robust solutions to least-squares problems with uncertain data},
  journal =      {SIAM Journal on Matrix Analysis and Applications},
  year =         {1997},
  volume =       {18},
  number =       {4},
  pages =        {1035--1064},
}

@TECHREPORT{GAZ17_TR,
  author =    {A. Ghorbani and A. Abid and J. Zou},
  title =     {Interpretation of neural networks is fragile},
  number =    {Preprint: arXiv:1710.10547},
  year =      {2017},
}

@ARTICLE{GSB16,
  author =       {R. Giryes and G. Sapiro and A. M. Bronstein},
  title =        {Deep neural networks with random {G}aussian weights: a universal classification strategy?},
  journal =      {IEEE Transactions on Signal Processing},
  year =         {2016},
  volume =       {64},
  number =       {13},
  pages =        {3444--3457},
}

@INPROCEEDINGS{GM14_ICML,
  author =       {D.~F.~Gleich and M.~W.~Mahoney},
  title =        {Anti-differentiating Approximation Algorithms: A case study with Min-cuts, Spectral, and Flow}, 
  booktitle =    {Proceedings of the 31st International Conference on Machine Learning},
  year =         {2014},
  editor =       {},
  pages =        {1018--1025}, 
}

@INPROCEEDINGS{GloBen10,
  author =       {X. Glorot and Y. Bengio},
  title =        {Understanding the difficulty of training deep feedforward neural networks},
  booktitle =    {Proceedings of the 13th International Workshop on Artificial Intelligence and Statistics},
  year =         {2010},
  pages =        {249--256},
}

@ARTICLE{GMY04,
   author  = {M. L. Goldstein and S. A. Morris and G. G. Yen},
   title   = {Problems with Fitting to the Power-law distribution},
   journal = {The European Physical Journal B - Condensed Matter and Complex Systems},
   year    = {2004},
   volume  = {41},
   number  = {2},
   pages   = {255--258},
}

@TECHREPORT{GVS14_TR,
  author =    {I. J. Goodfellow and O. Vinyals and A. M. Saxe},
  title =     {Qualitatively characterizing neural network optimization problems},
  number =    {Preprint: arXiv:1412.6544},
  year =      {2014},
}

@INPROCEEDINGS{GAN2014,
  author =       {I. Goodfellow and J. Pouget-Abadie and M. Mirza and B. Xu and D. Warde-Farley and S. Ozair and A. Courville and Y. Bengio},
  title =        {Generative Adversarial Nets},
  booktitle =    {Annual Advances in Neural Information Processing Systems 27: Proceedings of the 2014 Conference},
  year =         {2014},
  pages =        {2672--2680},
}

@TECHREPORT{GSS14_TR,
  author =    {I. J. Goodfellow and J. Shlens and C. Szegedy},
  title =     {Explaining and harnessing adversarial examples},
  number =    {Preprint: arXiv:1412.6572},
  year =      {2014},
}

@TECHREPORT{one_hour17_TR,
  author =    {P. Goyal and P. Doll{\'a}r and R. Girshick and P. Noordhuis and L. Wesolowski and A. Kyrola and A. Tulloch and Y. Jia and K. He},
  title =     {Accurate, Large Minibatch {SGD}: Training {ImageNet} in 1 Hour},
  number =    {Preprint: arXiv:1706.02677},
  year =      {2017},
}

@ARTICLE{GHS05,
  author =       {T. Graepel and R. Herbrich and J. Shawe-Taylor},
  title =        {{PAC}-{B}ayesian Compression Bounds on the Prediction Error of Learning Algorithms for Classification},
  journal =      {Machine Learning},
  year =         {2005},
  volume =       {59},
  number =       {1-2},
  pages =        {55--76},
}

@INPROCEEDINGS{GL10,
  author =       {K. Gregor and Y. LeCun},
  title =        {Learning Fast Approximations of Sparse Coding},
  booktitle =    {Proceedings of the 27th International Conference on Machine Learning},
  year =         {2010},
  pages =        {399--406},
}

@ARTICLE{GM84,
  author =       {D. J. Gross and M. Mezard},
  title =        {The simplest spin glass},
  journal =      {Nuclear Physics B},
  year =         {1984},
  volume =       {240},
  number =       {4}, 
  pages =        {431--452},
}

@INPROCEEDINGS{GS15_ICML,
  author =       {R. Grosse and R. Salakhudinov},
  title =        {Scaling up {N}atural {G}radient by Sparsely Factorizing the Inverse {F}isher Matrix}, 
  booktitle =    {Proceedings of the 32nd International Conference on Machine Learning},
  year =         {2015},
  pages =        {2304--2313},
}

@TECHREPORT{Guj04_TR,
  author =    {P. D. Gujrati},
  title =     {General Mechanism for a Positive Temperature Entropy Crisis in Stationary Metastable States: Thermodynamic Necessity and Confirmation by Exact Calculations},
  number =    {Preprint: arXiv:cond-mat/0404748},
  year =      {2004},
}

@TECHREPORT{GMVB16_TR,
  author =    {C. Gulcehre and M. Moczulski and F. Visin and Y. Bengio},
  title =     {Mollifying Networks},
  number =    {Preprint: arXiv:1608.04980},
  year =      {2016},
}

@TECHREPORT{GWBNx17_TR,
  author =    {S. Gunasekar and B. Woodworth and S. Bhojanapalli and B. Neyshabur and N. Srebro},
  title =     {Implicit Regularization in Matrix Factorization},
  number =    {Preprint: arXiv:1705.09280},
  year =      {2017},
}

@TECHREPORT{GMDB16_TR,
  author =    {C. Gulcehre and M. Moczulski and M. Denil and Y. Bengio},
  title =     {Noisy activation functions},
  number =    {Preprint: arXiv:1603.00391},
  year =      {2016},
}

@INCOLLECTION{GT90,
  author =       {G Gy\"orgi and N. Tishby},
  title =        {Statistical theory of learning a rule},
  booktitle =    {Proc. of the STATPHYS-17 Workshop on Neural Networks and Spin Glasses},
  year =         {1990},
  pages =        {3--36},
  editor =       {W. K. Theumann and R. K\"oberle},
  series =       {},
  publisher =    {World Scientific Publishing Co.},
}

@ARTICLE{Gyo90_first,
  author =       {G. Gy{\"o}rgyi},
  title =        {First-order transition to perfect generalization in a neural network with binary synapses},
  journal =      {Phys. Rev. A},
  year =         {1990},
  volume =       {41},
  issue =        {12},
  pages =        {7097--7100},
}

@ARTICLE{HR17,
  author =       {E. Haber and L. Ruthotto},
  title =        {Stable architectures for deep neural networks},
  journal =      {Inverse Problems},
  year =         {2017},
  volume =       {34},
  number =       {1},
  pages =        {014004}
}

@ARTICLE{HMM92_memorization,
  author =       {D. Hansel and G. Mato and C. Meunier},
  title =        {Memorization Without Generalization in a Multilayered Neural Network},
  journal =      {EPL (Europhysics Letters)},
  year =         {1992},
  volume =       {20},
  issue =        {5},
  pages =        {471--476},
}

@ARTICLE{HCLT17,
   author  = {R. Hanel and B. Corominas-Murtra and B. Liu and S. Thurner}, 
   title   = {Fitting power-laws in empirical data with estimators that work for all exponents},
   journal = {PLoS ONE},
   year    = {2017},
   volume  = {12},
   number  = {2},
   pages   = {e0170920},
}

@ARTICLE{Han87,
  author =       {P. C. Hansen},
  title =        {The truncated {SVD} as a method for regularization},
  journal =      {BIT Numerical Mathematics},
  year =         {1987},
  volume =       {27},
  number =       {4},
  pages =        {534--553},
}

@INCOLLECTION{Han01,
  author =       {P. C. Hansen},
  title =        {The {L}-Curve and its Use in the Numerical Treatment of Inverse Problems},
  booktitle =    {Computational Inverse Problems in Electrocardiology},
  year =         {2001},
  pages =        {119--142},
  editor =       {P. Johnston},
  series =       {},
  publisher =    {WIT Press},
}

@ARTICLE{Har08,
  author =       {M. C. Harding},
  title =        {Explaining the single factor bias of arbitrage pricing models in finite samples},
  journal =      {Economics Letters},
  year =         {2008},
  volume =       {99},
  number =       {1},
  pages =        {85--88},
}

@TECHREPORT{HMR16_TR,
  author =    {M. Hardt and T. Ma and B. Recht},
  title =     {Gradient Descent Learns Linear Dynamical Systems},
  number =    {Preprint: arXiv:1609.05191},
  year =      {2016},
}

@TECHREPORT{HM16_TR,
  author =    {M. Hardt and T. Ma},
  title =     {Identity matters in deep learning},
  number =    {Preprint: arXiv:1611.04231},
  year =      {2016},
}

@ARTICLE{HRTZ04,
  author =       {T. Hastie and S. Rosset and R. Tibshirani and J. Zhu},
  title =        {The Entire Regularization Path for the Support Vector Machine},
  journal =      {Journal of Machine Learning Research},
  year =         {2004}, 
  volume =       {5},
  number =       {},
  pages =        {1391--1415},
}

@BOOK{hast-tibs-fried,
  author =       {T.~Hastie and R.~Tibshirani and J.~Friedman},
  title =        {The Elements of Statistical Learning},
  publisher =    {Springer-Verlag},
  year =         {2003},
  address =      {New York},
  series =       {},
}

@ARTICLE{DKST96,
  author =       {D. Haussler and M. Kearns and H. S. Seung and N. Tishby},
  title =        {Rigorous Learning Curve Bounds from Statistical Mechanics},
  journal =      {Machine Learning},
  year =         {1996},
  volume =       {25},
  number =       {2},
  pages =        {195--236},
}

@ARTICLE{HN17,
   author  = {S. Hata and H. Nakao},
   title   = {Localization of {L}aplacian eigenvectors on random networks},
   journal = {Scientific Reports},
   year    = {2017},
   volume  = {},
   number  = {7},
   pages   = {1121},
}

@TECHREPORT{HLS15_TR,
  author =    {E. Hazan and K. Y. Levy and S. Shalev-Shwartz},
  title =     {On Graduated Optimization for Stochastic Non-Convex Problems},
  number =    {Preprint: arXiv:1503.03712},
  year =      {2015},
}

@INPROCEEDINGS{HLS15_CONF,
  author =       {E. Hazan and K. Levy and S. Shalev-Shwartz},
  title =        {Beyond Convexity: Stochastic Quasi-Convex Optimization}, 
  booktitle =    {Annual Advances in Neural Information Processing Systems 28: Proceedings of the 2015 Conference},
  year =         {2015},
  pages =        {1585--1593},
}

@TECHREPORT{ResNet15_TR,
  author =    {K. He and X. Zhang and S. Ren and J. Sun},
  title =     {Deep Residual Learning for Image Recognition},
  number =    {Preprint: arXiv:1512.03385},
  year =      {2015},
}

@INPROCEEDINGS{HZRS16,
  author =       {K. He and X. Zhang and S. Ren and J. Sun},
  title =        {Identity Mappings in Deep Residual Networks},
  booktitle =    {Proceedings of the 2016 European Conference on Computer Vision (ECCV)},
  year =         {2016},
  pages =        {630--645},
} 

@ARTICLE{HM17,
   author  = {J. Heiny and T. Mikosch},
   title   = {Eigenvalues and eigenvectors of heavy-tailed sample covariance matrices with general growth rates: the iid case},
   journal = {Stochastic Processes and their Applications},
   year    = {2017},
   volume  = {127},
   number  = {7},
   pages   = {2179--2207},
}

@ARTICLE{Hem86,
  author =       {J. L. van Hemmen},
  title =        {Spin-glass models of a neural network},
  journal =      {Physical Review A},
  year =         {1986},
  volume =       {34},
  number =       {4},
  pages =        {3435--3445},
}

@ARTICLE{HO01_retarded,
  author =       {D. Herschkowitz and M. Opper},
  title =        {Retarded learning: rigorous results from statistical mechanics},
  journal =      {Phys. Rev. Lett.},
  year =         {2001},
  volume =       {86},
  issue =        {10},
  pages =        {2174--2177},
}

@article{frontiers2014,
  author  = {J. Hesse and T. Gross},
  title   = {Self-organized criticality as a fundamental property of neural systems},
  journal = {Frontiers in Systems Neuroscience},
  year    = {2014},
  volume  = {8},
  number  = {166},
  pages   = {1--14},
}

@ARTICLE{Hil09,
  author =       {H. J. Hilhorst},
  title =        {Central limit theorems for correlated variables: some critical remarks},
  journal =      {Brazilian Journal of Physics},
  year =         {2009},
  volume =       {39},
  number =       {2A},
  pages =        {371--379},
}

@INCOLLECTION{HinSej86_relearn,
  author =       {G. E. Hinton and T. J. Sejnowski},
  title =        {Learning and relearning in {B}oltzmann machines},
  booktitle =    {Parallel distributed processing: explorations in the microstructure of cognition, vol. 1},
  year =         {1986},
  pages =        {282--317}, 
  editor =       {D. E. Rumelhart and J. L. McClelland and CORPORATE PDP Research Group},
  series =       {},
  publisher =    {MIT Press},
}

@ARTICLE{Hin89_det,
  author =       {G. E. Hinton},
  title =        {Deterministic {B}oltzmann learning performs steepest descent in weight-space},
  journal =      {Neural Computation},
  year =         {1989}, 
  volume =       {1},
  number =       {1},
  pages =        {143--150}, 
}

@INPROCEEDINGS{Hin89_products,
  author =       {G. Hinton},
  title =        {Products of experts},
  booktitle =    {Proceedings of the 9th International Conference on Artificial Neural Networks (ICANN 99)},
  year =         {1999},
  pages =        {1--6},
}

@ARTICLE{Hin02_training,
  author =       {G. E. Hinton},
  title =        {Training products of experts by minimizing contrastive divergence},
  journal =      {Neural Computation},
  year =         {2002}, 
  volume =       {14},
  number =       {8}, 
  pages =        {1771--1800}, 
}

@Article{HinSal06, 
  author =	{G. Hinton and R. Salakhutdinov}, 
  title =	{Reducing the Dimensionality of Data with Neural Networks},  
  journal =	{Science}, 
  year = 	{2006},  
  volume =	{313}, 
  number =      {5786},
  pages =       {504--507},
}

@ARTICLE{HOT06,
  author =       {G. E. Hinton and S. Osindero and Y.-W. Teh},
  title =        {A fast learning algorithm for deep belief nets},
  journal =      {Neural Computation},
  year =         {2006}, 
  volume =       {18},
  number =       {7}, 
  pages =        {1527--1554}, 
}

@INCOLLECTION{Hin12_tricks,
  author =       {G. E. Hinton},
  title =        {A Practical Guide To Training {R}estricted {B}oltzmann {M}achines},
  booktitle =    {Neural Networks: Tricks of the Trade: Second Edition},
  year =         {2012},
  pages =        {599--619},
  editor =       {G. Montavon and G. B. Orr and K.-R. M{\"u}ller},
  series =       {},
  publisher =    {Springer-Verlag},
}

@TECHREPORT{HVD15_TR,
  author =    {G. Hinton and O. Vinyals and J. Dean},
  title =     {Distilling the Knowledge in a Neural Network},
  number =    {Preprint: arXiv:1503.02531},
  year =      {2015},
}

@TECHREPORT{HS18_TR,
  author =    {N. O. Hodas and P. Stinis},
  title =     {Doing the impossible: why neural networks can be trained at all},
  number =    {Preprint: arXiv:1805.04928},
  year =      {2018},
}

@TECHREPORT{HHS17_TR,
  author =    {E. Hoffer and I. Hubara and D. Soudry},
  title =     {Train longer, generalize better: closing the generalization gap in large batch training of neural networks},
  number =    {Preprint: arXiv:1705.08741},
  year =      {2017},
}

@ARTICLE{HBWP13,
  author =       {M. D. Hoffman and D. M. Blei and C. Wang and J. Paisley},
  title =        {Stochastic Variational Inference},
  journal =      {Journal of Machine Learning Research},
  year =         {2013},
  volume =       {14},
  number =       {},
  pages =        {1303--1347},
}

@ARTICLE{HP18,
   author  = {H. Hoffmann and D. W. Payton},
   title   = {Optimization by self-organized criticality},
   journal = {Scientific Reports},
   year    = {2018},
   volume  = {8},
   number  = {},
   pages   = {2358},
}

@ARTICLE{Hol01,
  author =       {R. Ho{\l}yst}, 
  title =        {Entropy-driven phase transitions and the {K}auzmann entropy crisis},
  journal =      {Physica A: Statistical Mechanics and its Applications},
  year =         {2001},
  volume =       {292},
  number =       {1–4},
  pages =        {255--258},
}

@ARTICLE{HB14,
  author =       {T. Homem-de-Mello and G. Bayraksan},
  title =        {Monte {C}arlo sampling-based methods for stochastic optimization},
  journal =      {Surveys in Operations Research and Management Science},
  year =         {2014},
  volume =       {19},
  number =       {1},
  pages =        {56--85},
}

@ARTICLE{Hop82,
  author =       {J. J. Hopfield},
  title =        {Neural networks and physical systems with emergent collective computational abilities},
  journal =      {Proc. Natl. Acad. Sci. USA},
  year =         {1982},
  volume =       {79},
  number =       {8},
  pages =        {2554--2558},
}

@ARTICLE{HYS15,
  author =       {Y. Hu and X. Yang and C.-K. Sim},
  title =        {Inexact subgradient methods for quasi-convex optimization problems},
  journal =      {European Journal of Operational Research},
  year =         {2015},
  volume =       {240},
  number =       {2},
  pages =        {315--327},
}

@ARTICLE{Hua17,
  author =       {H. Huang},
  title =        {Statistical mechanics of unsupervised feature learning in a restricted {B}oltzmann machine with binary synapses},
  journal =      {Journal of Statistical Mechanics: Theory and Experiment},
  year =         {2017},
  volume =       {2017},
  number =       {5},
  pages =        {053302},
}

@ARTICLE{HT15_PRE,
  author =       {H. Huang and T. Toyoizumi},
  title =        {Advanced mean field theory of the Restricted {B}oltzman Machine},
  journal =      {Physical Review E},
  year =         {2015},
  volume =       {5},
  number =       {91},
  pages =        {050101},
}

@ARTICLE{HT16_PRE,
  author =       {H. Huang and T. Toyoizumi},
  title =        {Unsupervised feature learning from finite data by message passing: discontinuous versus continuous phase transition},
  journal =      {Physical Review E},
  year =         {2016},
  volume =       {94},
  number =       {6},
  pages =        {062310},
}

@TECHREPORT{ITB16_TR,
  author =    {D. J. Im and M. Tao and K. Branson},
  title =     {An empirical analysis of Deep network loss surfaces},
  number =    {Preprint: arXiv:1612.04010},
  year =      {2016},
}

@INPROCEEDINGS{IS15,
  author =       {S. Ioffe and C. Szegedy},
  title =        {Batch normalization: accelerating deep network training by reducing internal covariate shift},
  booktitle =    {Proceedings of the 32nd International Conference on Machine Learning},
  year =         {2015},
  pages =        {448--456},
}

@TECHREPORT{Iof17_TR,
  author =    {S. Ioffe},
  title =     {Batch renormalization: Towards reducing Minibatch dependence in batch-normalized models},
  number =    {Preprint: arXiv:1702.03275},
  year =      {2017},
}

@TECHREPORT{IRS15_TR,
  author =    {V. K. Ithapu and S. N Ravi and V. Singh},
  title =     {On the interplay of network structure and gradient convergence in deep learning},
  number =    {Preprint: arXiv:1511.05297},
  year =      {2015},
}

@ARTICLE{IZ80,
   author  = {C. Itzykson and J.‐B. Zuber},
   title   = {The planar approximation. {II}},
   journal = {Journal of Mathematical Physics},
   year    = {1980},
   volume  = {21},
   number  = {},
   pages   = {411--421},
}

@ARTICLE{Jar97a,
  author =       {C. Jarzynski},
  title =        {Nonequilibrium Equality for Free Energy Differences},
  journal =      {Phys. Rev. Lett.},
  year =         {1997},
  volume =       {78},
  issue =        {14},
  pages =        {2690--2693},
}

@ARTICLE{Jar97b,
  author =       {C. Jarzynski},
  title =        {Equilibrium free-energy differences from nonequilibrium measurements: A master-equation approach},
  journal =      {Physical Review E},
  year =         {1997},
  volume =       {56},
  issue =        {5},
  pages =        {5018--5035},
}

@TECHREPORT{JKAx17_TR,
  author =    {S. Jastrzebski and Z. Kenton and D. Arpit and N. Ballas and A. Fischer and Y. Bengio and A. Storkey},
  title =     {Three factors influencing minima in {SGD}},
  number =    {Preprint: arXiv:1711.04623},
  year =      {2017},
}

@ARTICLE{Jay57,
  author =       {E. T. Jaynes},
  title =        {Information theory and Statistical Mechanics},
  journal =      {Physical Review},
  year =         {1957},
  volume =       {106},
  number =       {4},
  pages =        {620--630},
}

@TECHREPORT{JYIK16_TR,
  author =    {P. H. Jin and Q. Yuan and F. Iandola and K. Keutzer},
  title =     {How to Scale Distributed Deep Learning?},
  number =    {Preprint: arXiv:1611.04581},
  year =      {2016},
}

@ARTICLE{johnstone2009,
  author =       {I. M. Johnstone}, 
  title =        {On the distribution of the largest eigenvalue in principal components analysis}, 
  journal =      {The Annals of Statistics}, 
  year =         {2001}, 
  volume =       {},
  number =       {},
  pages =        {295--327},
}

@ARTICLE{JL09,
  author =       {I. M. Johnstone and A. Y. Lu},
  title =        {On consistency and sparsity for principal components analysis in high dimensions},
  journal =      {Journal of the American Statistical Association},
  year =         {2009},
  volume =       {104},
  number =       {486},
  pages =        {682--693},
}

@TECHREPORT{JGBM16_TR,
  author =    {A. Joulin and E. Grave and P. Bojanowski and T. Mikolov},
  title =     {Bag of Tricks for efficient text classification},
  number =    {Preprint: arXiv:1607.01759},
  year =      {2016},
}

@TECHREPORT{JKS16_TR,
  author =    {J. M. Jumper and K. F. Freed and T. R. Sosnick},
  title =     {Maximum-likelihood, self-consistent side chain free energies with applications to protein molecular dynamics},
  number =    {Preprint: arXiv:1610.07277},
  year =      {2016},
}

@ARTICLE{Kab94,
  author =       {Y. Kabashima},
  title =        {Perfect loss of generalization due to noise in $K=2$ parity machines},
  journal =      {Journal of Physics A: Mathematical and Generals},
  year =         {1994},
  volume =       {27},
  number =       {6},
  pages =        {1917},
}

@TECHREPORT{KBMM19_TR,
  author =    {M. Kubo and R. Banno and H. Manabe and M. Minoji},
  title =     {Implicit Regularization in Over-parameterized Neural Networks},
  number =    {Preprint: arXiv:1903.01997},
  year =      {2019},
}

@TECHREPORT{KGC17_TR,
  author =    {J. Kuka{\v c}ka and V. Golkov and D. Cremers},
  title =     {Regularization for Deep Learning: A Taxonomy},
  number =    {Preprint: arXiv:1710.10686},
  year =      {2017},
}

@ARTICLE{KOKP96,
  author =       {K. Kang and J.-H. Oh and C. Kwon and Y. Park},
  title =        {Generalization in a two-layer neural network with multiple outputs},
  journal =      {Physical Review E},
  year =         {1996},
  volume =       {54},
  number =       {2},
  pages =        {1811--1815},
}

@INPROCEEDINGS{KLS91,
  author =       {I. Kanter and Y. Lecun and S. A. Solla},
  title =        {Second order properties of error surfaces: learning time and generalization},
  booktitle =    {Advances in neural information processing systems 3},
  year =         {1991}, 
  pages =        {918--914},
}

@ARTICLE{KR98,
  author =       {H. J. Kappen and F. B. Rodr\'{\i}guez},
  title =        {Efficient Learning in {B}oltzmann Machines Using Linear Response Theory},
  journal =      {Neural Comput.},
  year =         {1998},
  volume =       {10},
  number =       {5},
  pages =        {1137--1156},
}

@ARTICLE{Kar05_recent,
  author =       {N. El Karoui},
  title =        {Recent results about the largest eigenvalue of random covariance matrices and statistical applications},
  journal =      {Acta Physica Polonica. Series B}, 
  year =         {2005},
  volume =       {B35(9)},
  issue =        {},
  pages =        {2681--2697}, 
}

@INPROCEEDINGS{Kaw16,
  author =       {K. Kawaguchi},
  title =        {Deep Learning without Poor Local Minima},
  booktitle =    {Annual Advances in Neural Information Processing Systems 29: Proceedings of the 2016 Conference},
  year =         {2016},
  pages =        {586--594},
}

@TECHREPORT{KKB17_TR,
  author =    {K. Kawaguchi and L. P. Kaelbling and Y. Bengio},
  title =     {Generalization in Deep Learning},
  number =    {Preprint: arXiv:1710.05468},
  year =      {2017},
}

@INCOLLECTION{Kea95,
  author =       {M. J. Kearns},
  title =        {On the consequences of the statistical mechanics theory of learning curves for the model selection problem},
  booktitle =    {Neural Networks: The Statistical Mechanics Perspective},
  year =         {1995},
  pages =        {277--284},
  editor =       {J.-H. Oh and C. Kwon and S. Cho},
  series =       {},
  publisher =    {World Scientific},
}

@ARTICLE{KMNR97,
  author =       {M. Kearns and Y. Mansour and A. Y. Ng and D. Ron},
  title =        {An Experimental and Theoretical Comparison of Model Selection Methods},
  journal =      {Machine Learning},
  year =         {1997},
  volume =       {27}, 
  number =       {1},
  pages =        {7--50},
}

@TECHREPORT{KMNST16_TR,
  author =    {N. S. Keskar and D. Mudigere and J. Nocedal and M. Smelyanskiy and P. T. P. Tang},
  title =     {On large-batch training for deep learning: generalization gap and sharp minima},
  number =    {Preprint: arXiv:1609.04836},
  year =      {2016},
}

@TECHREPORT{KW13_TR,
  author =    {D. P. Kingma and M. Welling},
  title =     {Auto-encoding Variational {B}ayes},
  number =    {Preprint: arXiv:1312.6114},
  year =      {2013},
}

@INPROCEEDINGS{KW14,
  author =       {D. P. Kingma and M. Welling},
  title =        {Auto-Encoding Variational Bayes},
  booktitle =    {Proceedings of the International Conference on Learning Representations (ICLR)}, 
  year =         {2014},
  pages =        {},
}

@ARTICLE{KYP11,
   author  = {A. Klaus and S. Yu and D. Plenz},
   title   = {Statistical Analyses Support Power Law Distributions Found in Neuronal Avalanches},
   journal = {PLoS ONE},
   year    = {2011},
   volume  = {6},
   number  = {5},
   pages   = {e19779},
}

@INPROCEEDINGS{KRMW15,
  author =       {A. Korattikara and V. Rathod and K. Murphy and M. Welling},
  title =        {Bayesian dark knowledge},
  booktitle =    {Annual Advances in Neural Information Processing Systems 28: Proceedings of the 2015 Conference},
  year =         {2015},
  pages =        {3438--3446},
}

@TECHREPORT{KSHZx15_TR,
  author =    {J. Krause and B. Sapp and A. Howard and H. Zhou and A. Toshev and T. Duerig and J. Philbin and L. Fei-Fei},
  title =     {The Unreasonable Effectiveness of Noisy Data for Fine-Grained Recognition},
  number =    {Preprint: arXiv:1511.06789},
  year =      {2015},
}

@ARTICLE{KN09,
  author =       {S. Kritchman and B. Nadler},
  title =        {Non-parametric detection of the number of signals: hypothesis testing and random matrix theory},
  journal =      {IEEE Transactions on Signal Processing},
  year =         {2009},
  volume =       {57},
  number =       {10},
  pages =        {3930--3941},
}

@ARTICLE{KN08,
  author =       {S. Kritchman and B. Nadler},
  title =        {Determining the number of components in a factor model from limited noisy data},
  journal =      {Chemometrics and Intelligent Laboratory Systems},
  year =         {2008}, 
  volume =       {94},
  number =       {1},
  pages =        {19--32},
}

@INPROCEEDINGS{KSH12_alexnet,
  author =       {A. Krizhevsky and I. Sutskever and G. E. Hinton},
  title =        {{ImageNet} classification with deep convolutional neural networks},
  booktitle =    {Annual Advances in Neural Information Processing Systems 25: Proceedings of the 2012 Conference},
  year =         {2012},
  pages =        {1097--1105},
}

@INPROCEEDINGS{KBJx17,
  author =       {D. Krueger and N. Ballas and S. Jastrzebski and D. Arpit and M. S. Kanwal and T. Maharaj and E. Bengio and A. Fischer and A. Courville},
  title =        {Deep nets don't learn via memorization},
  booktitle =    {Workshop track -- ICLR 2017},
  year =         {2017},
  pages =        {},
}

@TECHREPORT{Laa17_TR,
  author =    {T. van Laarhoven},
  title =     {L2 regularization versus batch and weight normalization},
  number =    {Preprint: arXiv:1706.05350},
  year =      {2017},
}

@INPROCEEDINGS{LST13_CONF,
  author =       {B. M. Lake and R. R. Salakhutdinov and J. Tenenbaum},
  title =        {One-shot learning by inverting a compositional causal process},
  booktitle =    {Annual Advances in Neural Information Processing Systems 26: Proceedings of the 2013 Conference},
  year =         {2013},
  pages =        {},
}

@TECHREPORT{LUTG16_TR,
  author =    {B. M. Lake and T. D. Ullman and J. B. Tenenbaum and S. J. Gershman},
  title =     {Building Machines That Learn and Think Like People},
  number =    {Preprint: arXiv:1604.00289},
  year =      {2016},
}

@ARTICLE{bouchaud1999,
  author =       {L. Laloux and P. Cizeau and J.-P. Bouchaud and M. Potters},
  title =        {Noise Dressing of Financial Correlation Matrices},
  journal =      {Phys. Rev. Lett.},
  year =         {1999},
  volume =       {83},
  number =       {7},
  pages =        {1467--1470},
}

@article{bouchaud2005,
   author =   {L. Laloux and P. Cizeau and M. Potters and J.-P. Bouchaud}, 
   title =    {Random Matrix Theory and Financial Correlations}, 
   journal =  {Mathematical Models and Methods in Applied Sciences}, 
   pages =    {109-11}, 
   volume =   {},
   number =   {},
   year =     {2005},
}

@ARTICLE{LSG90,
  author =       {S. A. Langer and J. P. Sethna and E. R. Grannan},
  title =        {Nonequilibrium entropy and entropy distributions}, 
  journal =      {Physical Review B},
  year =         {1990},
  volume =       {41},
  number =       {},
  pages =        {2261--2278}, 
}

@INPROCEEDINGS{LB08,
  author =       {H. Larochelle and Y. Bengio},
  title =        {Classification using Discriminative Restricted {B}oltzmann Machines},
  booktitle =    {Proceedings of the 25th international conference on Machine learning}, 
  year =         {2008}, 
  pages =        {536--543},
}

@ARTICLE{LMPB12,
  author =       {H. Larochelle and M. Mandel and R. Pascanu and Y. Bengio},
  title =        {Learning Algorithms for the Classification Restricted {B}oltzmann Machine},
  journal =      {The Journal of Machine Learning Research},
  year =         {2012},
  volume =       {13},
  number =       {1},
  pages =        {643--669},
}

@TECHREPORT{LMS16_TR,
  author =    {G. Larsson and M. Maire and G. Shakhnarovich},
  title =     {{FractalNet}: Ultra-Deep Neural Networks without Residuals},
  number =    {Preprint: arXiv:1605.07648},
  year =      {2016},
}

@INPROCEEDINGS{LRMDx12,
  author =       {Q. Le and M.'A. Ranzato and R. Monga and M. Devin and K. Chen and G. Corrado and J. Dean and A. Ng},
  title =        {Building high-level features using large scale unsupervised learning},
  booktitle =    {Proceedings of the 29th International Conference on Machine Learning},
  year =         {2012},
  pages =        {81--88},
}

@INPROCEEDINGS{LDS90,
  author =       {Y. Le Cun and J. S. Denker and S. A. Solla},
  title =        {Optimal brain damage},
  booktitle =    {Advances in neural information processing systems 2},
  year =         {1990},
  pages =        {598--605}, 
}

@ARTICLE{LBBH98,
  author =       {Y. LeCun and L. Bottou and Y. Bengio and P. Haffner},
  title =        {Gradient-based learning applied to document recognition},
  journal =      {Proceedings of the IEEE},
  year =         {1998}, 
  volume =       {86},
  number =       {11},
  pages =        {2278--2324},
}

@INCOLLECTION{LCHRx06,
  author =       {Y. LeCun and S. Chopra and R. Hadsell and M.'A. Ranzato and F.-J. Huang},
  title =        {A Tutorial on Energy-Based Learning},
  booktitle =    {Predicting Structured Data},
  year =         {2006},
  pages =        {191--246},
  editor =       {G. Bakir and T. Hofman and B. Sch{\"o}lkopf and A. Smola and B. Taskar},
  series =       {},
  publisher =    {MIT Press},
}

@INCOLLECTION{LBOM12_tricks,
  author =       {Y. LeCun and L. Bottou and G. B. Orr and K.-R. M{\"u}ller},
  title =        {Efficient {BackProp}},
  booktitle =    {Neural Networks: Tricks of the Trade: Second Edition},
  year =         {2012},
  pages =        {9--48}, 
  editor =       {G. Montavon and G. B. Orr and K.-R. M{\"u}ller},
  series =       {},
  publisher =    {Springer-Verlag},
}

@ARTICLE{LGRN11,
  author =       {H. Lee and R. Grosse and R. Ranganath and A. Y. Ng},
  title =        {Unsupervised Learning of Hierarchical Representations with Convolutional Deep Belief Networks},
  journal =      {Communications of the ACM},
  year =         {2011},
  volume =       {54},
  number =       {10},
  pages =        {95--103},
}

@INPROCEEDINGS{LSJR16,
  author =       {J. D. Lee and M. Simchowitz and M. I. Jordan and B. Recht}, 
  title =        {Gradient Descent Only Converges to Minimizers},
  booktitle =    {Proceedings of the 29th Annual Conference on Learning Theory},
  year =         {2016},
  pages =        {1246--1257},
}

@TECHREPORT{LBNx17_TR,
  author =    {J. Lee and Y. Bahri and R. Novak and S. S. Schoenholz and J. Pennington and J. Sohl-Dickstein},
  title =     {Deep Neural Networks as {G}aussian Processes},
  number =    {Preprint: arXiv:1711.00165},
  year =      {2017},
}

@INPROCEEDINGS{LTS89,
  author =       {E. Levin and N. Tishby and S. A. Solla},
  title =        {A statistical approach to learning and generalization in layered neural networks},
  booktitle =    {Proceedings of the 2nd Annual Conference on Learning Theory},
  year =         {1989},
  pages =        {245--260}, 
}

@ARTICLE{LTS90,
  author =       {E. Levin and N. Tishby and S. A. Solla},
  title =        {A statistical approach to Learning and Generalization in Layered Neural Networks},
  journal =      {Proceedings of the IEEE},
  year =         {1990}, 
  volume =       {78},
  number =       {10},
  pages =        {1568--1574},
}

@TECHREPORT{entangle2017,
  author =    {Y. Levine and D. Yakira and N. Cohen and A. Shashua},
  title =     {Deep Learning and Quantum Entanglement: Fundamental Connections with Implications to Network Design},
  number =    {Preprint: arXiv:1704.01552},
  year =      {2017},
}

@TECHREPORT{LFLY18_TR,
  author =    {C. Li and H. Farkhoor and R. Liu and J. Yosinski},
  title =     {Measuring the intrinsic dimension of objective landscapes},
  number =    {Preprint: arXiv:1804.08838},
  year =      {2018},
}

@ARTICLE{LY18,
  author =       {W. Li and J. Yao},
  title =        {On structural testing for component covariance matrices of a high-dimensional mixture},
  journal =      {Journal of the Royal Statistical Society, Series B},
  year =         {2018},
  volume =       {80},
  number =       {2},
  pages =        {293--318},
}

@INPROCEEDINGS{LZCS14,
  author =       {M. Li and T. Zhang and Y. Chen and A. J. Smola},
  title =        {Efficient mini-batch training for stochastic optimization},
  booktitle =    {Proceedings of the 20th Annual ACM SIGKDD Conference},
  year =         {2014},
  editor =       {},
  pages =        {661--670}, 
}

@ARTICLE{LDXWx16,
  author =       {G. Li and L. Deng and Y. Xu and C. Wen and W. Wang and J. Pei and L. Shi},
  title =        {Temperature based {R}estricted {B}oltzmann {M}achines},
  journal =      {Scientific Reports}, 
  year =         {2016},
  volume =       {6},
  number =       {19133}, 
  pages =        {},
}

@TECHREPORT{LXTx17_TR,
  author =    {H. Li and Z. Xu and G. Taylor and C. Studer and T. Goldstein},
  title =     {Visualizing the loss landscape of neural nets},
  number =    {Preprint: arXiv:1712.09913},
  year =      {2017},
}

@TECHREPORT{LC18dynamics_TR,
  author =    {Z. Liao and R. Couillet},
  title =     {The dynamics of learning: a random matrix approach},
  number =    {Preprint: arXiv:1805.11917},
  year =      {2018},
}

@TECHREPORT{LC18spectrum_TR,
  author =    {Z. Liao and R. Couillet},
  title =     {On the spectrum of random feature maps of high dimensional data},
  number =    {Preprint: arXiv:1805.11916},
  year =      {2018},
}

@TECHREPORT{LMBx18_TR,
  author =    {Q. Liao and B. Miranda and A. Banburski and J. Hidary and T. Poggio},
  title =     {A surprising linear relationship predicts test performance in deep networks},
  number =    {Preprint: arXiv:1807.09659},
  year =      {2018},
}

@TECHREPORT{LT16a_TR,
  author =    {H. W. Lin and M. Tegmark},
  title =     {Critical Behavior from Deep Dynamics: A Hidden Dimension in Natural Language},
  number =    {Preprint: arXiv:1606.06737},
  year =      {2016},
}

@TECHREPORT{LT16b_TR,
  author =    {H. W. Lin and M. Tegmark},
  title =     {Why does deep and cheap learning work so well?},
  number =    {Preprint: arXiv:1608.08225v1},
  year =      {2016},
}

@TECHREPORT{LTR16_TR,
  author =    {H. W. Lin and M. Tegmark and D. Rolnick}, 
  title =     {Why does deep and cheap learning work so well?},
  number =    {Preprint: arXiv:1608.08225},
  year =      {2016},
}

@TECHREPORT{LCR16_TR,
  author =    {J. Lin and R. Camoriano and L. Rosasco},
  title =     {Generalization Properties and Implicit Regularization for Multiple Passes {SGM}},
  number =    {Preprint: arXiv:1605.08375},
  year =      {2016},
}

@ARTICLE{Lit74,
  author =       {W. A. Little},
  title =        {The existence of persistent states in the brain},
  journal =      {Math. Biosci.},
  year =         {1974},
  volume =       {19},
  number =       {},
  pages =        {101--120},
}

@TECHREPORT{Littlestone86relatingdata,
  author =       {N. Littlestone and M. K. Warmuth},
  title =        {Relating Data Compression and Learnability},
  institution =  {University of California at Santa Cruz},
  year =         {1986},
  type =         {},
  number =       {},
  address =      {},
  month =        {},
}

@TECHREPORT{LL18_TR,
  author =    {Q. Liu and J. D. Lee},
  title =     {Black-box Importance Sampling},
  number =    {Preprint: arXiv:1610.05247},
  year =      {2016},
}

@INPROCEEDINGS{LJF01,
  author =       {M. Loog and J. JisseDuistermaat and L. M. J. Florack},
  title =        {On the Behavior of Spatial Critical Points under {G}aussian Blurring: A Folklore Theorem and Scale-Space Constraints},
  booktitle =    {Proceedings of the International Conference on Scale-Space Theories in Computer Vision},
  year =         {2001},
  pages =        {183--192},
}

@TECHREPORT{LBSV15_TR,
  author =    {D. Lopez-Paz and L. Bottou and B. Sch{\"o}lkopf and V. Vapnik},
  title =     {Unifying distillation and privileged information},
  number =    {Preprint: arXiv:1511.03643},
  year =      {2015},
}

@TECHREPORT{LLC17_TR,
  author =    {C. Louart and Z. Liao and R. Couillet},
  title =     {A Random Matrix Approach to Neural Networks},
  number =    {Preprint: arXiv:1702.05419},
  year =      {2017},
}

@TECHREPORT{LK17_TR,
  author =    {H. Lu and K. Kawaguchi},
  title =     {Depth creates no bad local minima},
  number =    {Preprint: arXiv:1702.08580},
  year =      {2017},
}

@TECHREPORT{LZLD17_TR,
  author =    {Y. Lu and A. Zhong and Q. Li and B. Dong},
  title =     {Beyond Finite Layer Neural Networks: Bridging Deep Architectures and Numerical Differential Equations},
  number =    {Preprint: arXiv:1710.10121},
  year =      {2017},
}

@ARTICLE{Mac92,
  author =       {D. J. C. MacKay},
  title =        {A Practical {B}ayesian Framework for Backpropagation Networks},
  journal =      {Neural Computation},
  year =         {1992},
  volume =       {4}, 
  number =       {3}, 
  pages =        {448--472},
}

@TECHREPORT{Mac01_TR,
  author =    {D. J. C. MacKay},
  title =     {Failures of the One-Step Learning Algorithm},
  note =      {Unpublished Technical Report},
  year =      {2001},
  url =       {http://www.inference.phy.cam.ac.uk/mackay/abstracts/gbm.html},
}

@INPROCEEDINGS{MDA15,
  author =       {D. Maclaurin and D. Duvenaud and R. P. Adams},
  title =        {Gradient-based Hyperparameter Optimization through Reversible Learning},
  booktitle =    {Proceedings of the 32nd International Conference on Machine Learning},
  year =         {2015},
  pages =        {2113--2122},
} 

@TECHREPORT{MN09_TR,
  author =       {M.~W.~Mahoney and H.~Narayanan},
  title =        {Learning with Spectral Kernels and Heavy-Tailed Data},
  number =       {Preprint: arXiv:0906.4539},
  year =         {2009},
}

@INPROCEEDINGS{MO11-implementing,
  author =       {M.~W.~Mahoney and L.~Orecchia},
  title =        {Implementing regularization implicitly via approximate eigenvector computation},
  booktitle =    {Proceedings of the 28th International Conference on Machine Learning},
  year =         {2011},
  pages =        {121--128},
}

@INPROCEEDINGS{Mah12,
  author =       {M.~W.~Mahoney},
  title =        {Approximate Computation and Implicit Regularization for Very Large-scale Data Analysis},
  booktitle =    {Proceedings of the 31st ACM Symposium on Principles of Database Systems},
  year =         {2012},
  pages =        {143--154},
}

@TECHREPORT{MP14_TR,
  author =    {S. N. Majumdar and A. Pal},
  title =     {Extreme value statistics of correlated random variables},
  number =    {Preprint: arXiv:1406.6768},
  year =      {2014},
}

@ARTICLE{MS14_third,
   author  = {S. N. Majumdar and G. Schehr}, 
   title   = {Top eigenvalue of a random matrix: large deviations and third order phase transition},
   journal = {Journal of Statistical Mechanics: Theory and Experiment},
   year    = {2014},
   volume  = {2014},
   number  = {1},
   pages   = {P01012},
}

@TECHREPORT{sornette2002,
  author =    {Y. Malevergne and D. Sornette},
  title =     {Collective Origin of the Coexistence of Apparent {RMT} Noise and Factors in Large Sample Correlation Matrices},
  number =    {Preprint: arXiv:cond-mat/0210115},
  year =      {2002},
}

@ARTICLE{MPS05,
  author =       {Y. Malevergne and V. Pisarenko and D. Sornette},
  title =        {Empirical distributions of stock returns: between the stretched exponential and the power law?},
  journal =      {Quantitative Finance},
  year =         {2005},
  volume =       {5},
  number =       {4},
  pages =        {379--401},
}

@TECHREPORT{MHB17_TR,
  author =    {S. Mandt and M. D. Hoffman and D. M. Blei},
  title =     {Stochastic Gradient Descent as Approximate {B}ayesian Inference},
  number =    {Preprint: arXiv:1704.04289},
  year =      {2017},
}

@INCOLLECTION{martens2012training,
  author =       {J. Martens and I. Sutskever},
  title =        {Training deep and recurrent networks with {H}essian-free optimization},
  booktitle =    {Neural Networks: Tricks of the Trade: Second Edition},
  year =         {2012},
  pages =        {479--535},
  editor =       {G. Montavon and G. B. Orr and K.-R. M{\"u}ller},
  series =       {},
  publisher =    {Springer-Verlag},
}

@TECHREPORT{MM17_TR,
  author =    {C. H. Martin and M. W. Mahoney},
  title =     {Rethinking generalization requires revisiting old ideas: statistical mechanics approaches and complex learning behavior},
  number =    {Preprint: arXiv:1710.09553},
  year =      {2017},
}

@TECHREPORT{MM17_TR_v1,
  author =    {C. H. Martin and M. W. Mahoney},
  title =     {Rethinking generalization requires revisiting old ideas: statistical mechanics approaches and complex learning behavior},
  number =    {Preprint: arXiv:1710.09553v1},
  year =      {2017},
}

@TECHREPORT{MM18_TR,
  author =    {C. H. Martin and M. W. Mahoney},
  title =     {Implicit Self-Regularization in Deep Neural Networks: Evidence from Random Matrix Theory and Implications for Learning},
  number =    {Preprint: arXiv:1810.01075},
  year =      {2018},
}

@MISC{MM18_unpub_work,
  author =    {C. H. Martin and M. W. Mahoney},
  title =     {Unpublished Results},
  year =      {2018},
}

@MISC{MM20_unpub_work,
  author =    {C. H. Martin and M. W. Mahoney},
  title =     {Unpublished Results},
  year =      {2020},
}

@TECHREPORT{MM19_shortTR_of_longTR,
  author =    {C. H. Martin and M. W. Mahoney},
  title =     {Traditional and Heavy-Tailed Self Regularization in Neural Network Models},
  number =    {Preprint: arXiv:1901.08276},
  year =      {2019},
}

@INPROCEEDINGS{MM19_HTSR_ICML,
  author =       {C. H. Martin and M. W. Mahoney},
  title =        {Traditional and Heavy-Tailed Self Regularization in Neural Network Models},
  booktitle =    {Proceedings of the 36th International Conference on Machine Learning},
  year =         {2019},
  pages =        {4284--4293},
}

@TECHREPORT{MM19a_TR,
  author =    {C. H. Martin and M. W. Mahoney},
  title =     {Heavy-Tailed {U}niversality Predicts Trends in Test Accuracies for Very Large Pre-Trained Deep Neural Networks},
  number =    {Preprint: arXiv:1901.08278},
  year =      {2019},
}

@TECHREPORT{MM19a_TRv2,
  author =    {C. H. Martin and M. W. Mahoney},
  title =     {Heavy-Tailed {U}niversality Predicts Trends in Test Accuracies for Very Large Pre-Trained Deep Neural Networks},
  number =    {Preprint: arXiv:1901.08278v2},
  year =      {2019},
}

@INPROCEEDINGS{MM20_SDM,
  author =       {C. H. Martin and M. W. Mahoney},
  title =        {Heavy-Tailed {U}niversality Predicts Trends in Test Accuracies for Very Large Pre-Trained Deep Neural Networks},
  booktitle =    {Proceedings of the 20th SIAM International Conference on Data Mining},
  year =         {2020},
  pages =        {},
}

@INPROCEEDINGS{MM19_KDD,
  author =       {C. H. Martin and M. W. Mahoney},
  title =        {Statistical Mechanics Methods for Discovering Knowledge from Modern Production Quality Neural Networks},
  booktitle =    {Proceedings of the 25th Annual ACM SIGKDD Conference},
  year =         {2019},
  pages =        {3239--3240},
}

@TECHREPORT{ML18_TR,
  author =    {D. Masters and C. Luschi},
  title =     {Revisiting small batch training for deep neural networks},
  number =    {Preprint: arXiv:1804.07612},
  year =      {2018},
}

@ARTICLE{McA99a,
  author =       {D. A. McAllester},
  title =        {Some {PAC}-{B}ayesian theorems},
  journal =      {Machine Learning},
  year =         {1999},
  volume =       {37},
  number =       {3},
  pages =        {355--363},
}

@INPROCEEDINGS{McA99b,
  author =       {D. A. McAllester},
  title =        {{PAC}-{B}ayesian model averaging},
  booktitle =    {Proceedings of the 12th Annual Conference on Learning Theory},
  year =         {1999},
  pages =        {164--170}, 
}

@ARTICLE{MK72,
  author =       {McIver, Jr., J. W.  and Komornicki, A.},
  title =        {Structure of transition states in organic reactions. {G}eneral theory and an application to the cyclobutene-butadiene isomerization using a semiempirical molecular orbital method},
  journal =      {J. Am. Chem. Soc.},
  year =         {1972},
  volume =       {94},
  number =       {8},
  pages =        {2625--2633},
}

@ARTICLE{MCHWW14,
  author =       {D. Mehta and T. Chen and J. D. Hauenstein and D. J. Wales},
  title =        {Communication: Newton homotopies for sampling stationary points of potential energy landscapes},
  journal =      {J. Chem. Phys.},
  year =         {2014},
  volume =       {141},
  number =       {12},
  pages =        {121104},
}

@TECHREPORT{MBM16_TR,
  author =    {S. Mei and Y. Bai and A. Montanari},
  title =     {The Landscape of Empirical Risk for Non-convex Losses},
  number =    {Preprint: arXiv:1607.06534},
  year =      {2016},
}

@ARTICLE{MMN18,
   author  = {S. Mei and A. Montanari and P.-M. Nguyen},
   title   = {A mean field view of the landscape of two-layer neural networks},
   journal = {Proc. Natl. Acad. Sci. USA},
   year    = {2018},
   volume  = {115},
   number  = {33},
   pages   = {E7665--E7671},
}

@ARTICLE{MGS10,
  author =       {N. Merhav and D. Guo and S. Shamai},
  title =        {Statistical physics of signal estimation in {G}aussian noise: theory and examples of phase transitions},
  journal =      {IEEE Transactions on Information Theory},
  year =         {2010},
  volume =       {56},
  number =       {3},
  pages =        {1400--1416},
}

@ARTICLE{Mer10,
  author =       {N. Merhav},
  title =        {Statistical Physics and Information Theory},
  journal =      {Foundations and Trends in Communications and Information Theory},
  year =         {2010},
  volume =       {6},
  number =       {1–2},
  pages =        {1--212},
}

@ARTICLE{MM95,
  author =       {R. Meir and N. Merhav},
  title =        {On the stochastic complexity of learning realizable and unrealizable rules},
  journal =      {Machine Learning},
  year =         {1995},
  volume =       {19},
  number =       {3},
  pages =        {241--261},
}

@TECHREPORT{MS14_TR,
  author =    {P. Mehta and D. J. Schwab},
  title =     {An exact mapping between the Variational Renormalization Group and Deep Learning},
  number =    {Preprint: arXiv:1410.3831},
  year =      {2014},
}

@ARTICLE{MNB10,
  author =       {F.L.~Metz and I.~Neri and D.~Boll\'{e}},
  title =        {Localization transition in symmetric random matrices},
  journal =      {Physical Review E},
  year =         {2010},
  volume =       {82},
  number =       {},
  pages =        {031135}, 
}

@TECHREPORT{Mez16_TR,
  author =    {M. Mezard},
  title =     {Mean-field message-passing equations in the {H}opfield model and its generalizations},
  number =    {Preprint: arXiv:1608.01558},
  year =      {2016},
}

@TECHREPORT{MP18_TR,
  author =    {H. Mhaskar and T. Poggio},
  title =     {An analysis of training and generalization errors in shallow and deep networks},
  number =    {Preprint: arXiv:1802.06266},
  year =      {2018},
}

@TECHREPORT{MAV18_TR,
  author =    {P. Mianjy and R. Arora and R. Vidal},
  title =     {On the implicit bias of {D}ropout},
  number =    {Preprint: arXiv:1806.09777},
  year =      {2018},
}

@TECHREPORT{MW17_TR,
  author =    {S. Minsker and X. Wei},
  title =     {Estimation of the covariance structure of heavy-tailed distributions},
  number =    {Preprint: arXiv:1708.00502},
  year =      {2017},
}

@INPROCEEDINGS{MF15,
  author =       {H. Mobahi and J. W. Fisher}, 
  title =        {On the Link between {G}aussian Homotopy Continuation and Convex Envelopes},
  booktitle =    {Proceedings of 10th International Conference on Energy Minimization Methods in Computer Vision and Pattern Recognition (EMMCVPR 2015)},
  year =         {2015},
  pages =        {43--56},
}

@TECHREPORT{Mob16_TR,
  author =    {H. Mobahi},
  title =     {Training Recurrent Neural Networks by Diffusion},
  number =    {Preprint: arXiv:1601.04114},
  year =      {2016},
}

@TECHREPORT{MFFF16_TR,
  author =    {S.-M. Moosavi-Dezfooli and A. Fawzi and O. Fawzi and P. Frossard},
  title =     {Universal adversarial perturbations},
  number =    {Preprint: arXiv:1610.08401},
  year =      {2016},
}

@TECHREPORT{MT17_TR,
  author =    {M. Moshkovitz and N. Tishby},
  title =     {Mixing complexity and its application to neural networks},
  number =    {Preprint: arXiv:1703.00729},
  year =      {2017},
}

@ARTICLE{MFMSA96,
  author =       {K.-R. M{\"u}ller and M. Finke and N. Murata and K. Schulten and S.-I. Amari},
  title =        {A numerical study on learning curves in stochastic multilayer feedforward networks},
  journal =      {Neural Computation},
  year =         {1996},
  volume =       {8},
  number =       {5},
  pages =        {1085--1106},
}

@INPROCEEDINGS{rmtreplica,
  author =       {R. R. M{\"u}ller},
  title =        {Random Matrices, Free Probability and the Replica Method},
  booktitle =    {Proceedings of the 12th European Signal Processing Conference},
  year =         {2004},
  pages =        {189--196},
}

@ARTICLE{Nad08,
  author =       {B. Nadler},
  title =        {Finite sample approximation results for principal component analysis: a matrix perturbation approach},
  journal =      {The Annals of Statistics},
  year =         {2008},
  volume =       {36}, 
  number =       {6},
  pages =        {2791-2817},
}

@ARTICLE{NT97,
  author =       {K. Nakanishi and H. Takayama},
  title =        {Mean field theory for a spin glass model of neural networks: {TAP} free energy and paramagnetic spin-glass transition},
  journal =      {Journal of Physics A: Mathematical and General},
  year =         {1997},
  volume =       {30},
  number =       {23},
  pages =        {8085--8094},
}

@ARTICLE{Nea01,
  author =       {R. M. Neal},
  title =        {Annealed importance sampling},
  journal =      {Statistics and Computing},
  year =         {2001}, 
  volume =       {11},
  number =       {2},
  pages =        {125--139}, 
}

@TECHREPORT{NVLSx15_TR,
  author =    {A. Neelakantan and L. Vilnis and Q. V. Le and I. Sutskever and L. Kaiser and K. Kurach and J. Martens},
  title =     {Adding Gradient Noise Improves Learning for Very Deep Networks},
  number =    {Preprint: arXiv:1511.06807},
  year =      {2015},
}

@ARTICLE{newman2005_zipf,
   author = {M. E. J.~Newman},
   title = {Power laws, {P}areto distributions and {Z}ipf's law},
   journal = {Contemporary Physics},
   year    = {2005},
   volume = {46},
   number  = {},
   pages = {323--351},
}

@TECHREPORT{NTS14_TR,
  author =    {B. Neyshabur and R. Tomioka and N. Srebro},
  title =     {In search of the real inductive bias: on the role of implicit regularization in deep learning},
  number =    {Preprint: arXiv:1412.6614},
  year =      {2014},
}

@INPROCEEDINGS{NTS15,
  author =       {B. Neyshabur and R. Tomioka and N. Srebro},
  title =        {Norm-Based Capacity Control in Neural Networks},
  booktitle =    {Proceedings of the 28th Annual Conference on Learning Theory},
  year =         {2015},
  pages =        {1376--1401},
}

@TECHREPORT{NBMS17_TR,
  author =    {B. Neyshabur and S. Bhojanapalli and D. McAllester and N. Srebro},
  title =     {Exploring generalization in deep learning},
  number =    {Preprint: arXiv:1706.08947},
  year =      {2017},
}

@TECHREPORT{NBS17_TR,
  author =    {B. Neyshabur and S. Bhojanapalli and N. Srebro},
  title =     {A {PAC}-{B}ayesian Approach to Spectrally-Normalized Margin Bounds for Neural Networks},
  number =    {Preprint: arXiv:1707.09564},
  year =      {2017},
}

@INPROCEEDINGS{NCKN11_CONF,
  author =       {J. Ngiam and Z. Chen and P. W. Koh and A. Y. Ng},
  title =        {Learning Deep energy models},
  booktitle =    {Proceedings of the 28th International Conference on Machine Learning},
  year =         {2011},
  pages =        {1105--1112},
}

@TECHREPORT{NPBEx15_TR,
  author =    {K. Ni and R. Pearce and K. Boakye and B. Van Essen and D. Borth and B. Chen and E. Wang},
  title =     {Large-Scale Deep Learning on the {YFCC100M} Dataset},
  number =    {Preprint: arXiv:1502.03409},
  year =      {2015},
}

@BOOK{nishimori01,     
  author =       {H. Nishimori},
  title =        {Statistical Physics of Spin Glasses and Information Processing: An Introduction},
  publisher =    {Oxford University Press},
  year =         {2001},
  address =      {Oxford},
  series =       {},
}

@INPROCEEDINGS{NH17,
  author =       {Q. Nguyen and M. Hein},
  title =        {The loss surface of deep and wide neural networks},
  booktitle =    {Proceedings of the 34th International Conference on Machine Learning},
  year =         {2017},
  pages =        {2603--2612},
}

@BOOK{NW06,     
  author =       {J. Nocedal and S. Wright},
  title =        {Numerical Optimization},
  publisher =    {Springer},
  year =         {2006},
  address =      {New York},
  series =       {},
}

@ARTICLE{Oja82,
  author =       {E. Oja},
  title =        {A simplified Neuron Model as a Principal Component Analyzer},
  journal =      {J Math Biol.},
  year =         {1982},
  volume =       {15},
  number =       {3},
  pages =        {267--273},
}

@ARTICLE{Oja85,
  author =       {E. Oja},
  title =        {On Stochastic Approximations of the Eigenvectors and Eigenvalues of the Expectation of a Random Matrix},
  journal =      {Journal of Mathematical Analysis and Applications},
  year =         {1985},
  volume =       {106},
  number =       {1},
  pages =        {69--84},
}

@ARTICLE{Ona09,
  author =       {A. Onatski},
  title =        {Testing hypotheses about the number of factors in large factor models},
  journal =      {Econometrica},
  year =         {2009},
  volume =       {77},
  number =       {5},
  pages =        {1447--1479},
}

@INCOLLECTION{OK96_CHAPT,
  author =       {M. Opper and W. Kinzel},
  title =        {Statistical Mechanics of Generalization},
  booktitle =    {Models of Neural Networks III: Association, Generalization, and Representation},
  year =         {1996},
  pages =        {151--209},
  editor =       {E. Domany and J. L. van Hemmen and K. Schulten},
  series =       {},
  publisher =    {Springer New York},
}

@ARTICLE{Opp94_role,
  author =       {M. Opper},
  title =        {Learning and generalization in a two-layer neural network: the role of the {V}apnik-{C}hervonenkis dimension},
  journal =      {Phys. Rev. Lett.},
  year =         {1994},
  volume =       {72},
  issue =        {13},
  pages =        {2113--2116},
}

@ARTICLE{OW01,
  author =       {M. Opper and O. Winther},
  title =        {Adaptive and self-averaging {T}houless-{A}nderson-{P}almer mean-field theory for probabilistic modeling},
  journal =      {Physical Review E},
  year =         {2001},
  volume =       {64},
  number =       {},
  pages =        {56131},
}

@TECHREPORT{OT17a_TR,
  author =    {D. Oprisa and P. Toth},
  title =     {Criticality  and Deep Learning {I}: Generally Weighted Nets},
  number =    {Preprint: arXiv:1702.08039},
  year =      {2017},
}

@TECHREPORT{OT17b_TR,
  author =    {D. Oprisa and P. Toth},
  title =     {Criticality and Deep Learning {II}: Momentum Renormalisation Group},
  number =    {Preprint: arXiv:1705.11023},
  year =      {2017},
}

@INPROCEEDINGS{PJ15,
  author =       {H. Pan and H. Jiang},
  title =        {Annealed Gradient descent for deep learning},
  booktitle =    {Proceedings of the 31th Conference in Uncertainty in Artificial Intelligence},
  year =         {2015},
  pages =        {652--661},
}

@ARTICLE{PGJT96,
  author =       {V. S. Pande and A. Y. Grosberg and C. Joerg and T. Tanaka},
  title =        {Is heteropolymer freezing well described by the random energy model?},
  journal =      {Phys. Rev. Lett.},
  year =         {1996},
  volume =       {76},
  number =       {21},
  pages =        {3987--3990},
}

@ARTICLE{PGT97,
  author =       {V. S. Pande and A. Y. Grosberg and T. Tanaka},
  title =        {Statistical mechanics of simple models of protein folding and design},
  journal =      {Biophysical Journal},
  year =         {1997},
  volume =       {73},
  number =       {6},
  pages =        {3192--3210},
}

@ARTICLE{PP95,
   author  = {G. Parisi and M. Potters},
   title   = {Mean-field equations for spin models with orthogonal interaction matrices},
   journal = {Journal of Physics A: Mathematical and General},
   year    = {1995},
   volume  = {28},
   number  = {18},
   pages   = {5267--5286},
}

@TECHREPORT{Par07_TR,
  author =    {G. Parisi},
  title =     {Mean field theory of spin glasses: statics and dynamics},
  number =    {Preprint: arXiv:0706.0094},
  year =      {2007},
}

@INPROCEEDINGS{PMB13,
  author =       {R. Pascanu and T. Mikolov and Y. Bengio},
  title =        {On the difficulty of training recurrent neural networks},
  booktitle =    {Proceedings of the 30st International Conference on Machine Learning},
  year =         {2013},
  pages =        {1310--1318},
}

@TECHREPORT{PDGB14_TR,
  author =    {R. Pascanu and Y. N. Dauphin and S. Ganguli and Y. Bengio},
  title =     {On the saddle point problem for non-convex optimization},
  number =    {Preprint: arXiv:1405.4604},
  year =      {2014},
}

@ARTICLE{PY12,
  author =       {D. Passemier and J.-F. Yao},
  title =        {On determining the number of spikes in a high-dimensional spiked population model},
  journal =      {Random Matrices: Theory and Applications},
  year =         {2012},
  volume =       {01},
  number =       {01},
  pages =        {1150002},
}

@ARTICLE{PPR06,
  author =       {N.~Patterson and A.~L.~Price and D.~Reich},
  title =        {Population Structure and Eigenanalysis},
  journal =      {PLoS Genetics},
  year =         {2006},
  volume =       {2},
  number =       {12},
  pages =        {2074--2093},
}

@ARTICLE{PA14,
  author =       {D. Paul and A. Aue},
  title =        {Random matrix theory in statistics: a review},
  journal =      {Journal of Statistical Planning and Inference},
  year =         {2014},
  volume =       {150},
  issue =        {},
  pages =        {1--29},
}

@ARTICLE{paul2007,
  author =       {D. Paul}, 
  title =        {Asymptotics of sample eigenstructure for a large dimensional spiked covariance model}, 
  journal =      {Statistica Sinica}, 
  year =         {2007}, 
  volume =       {},
  number =       {},
  pages =        {1617--1642}
}

@TECHREPORT{peche_edge,
  author =       {S. P{\'e}ch{\'e}},
  title =        {The edge of the spectrum of random matrices},
  institution =  {Universit{\'e} Joseph Fourier},
  year =         {},
  type =         {},
  number =       {UMR 5582 CNRS-UJF},
  address =      {},
  month =        {},
  note =         {},
}

@INPROCEEDINGS{PW16_NIPS,
  author =       {J. Pennington and P. Worah},
  title =        {Nonlinear random matrix theory for deep learning},
  booktitle =    {Annual Advances in Neural Information Processing Systems 30: Proceedings of the 2017 Conference},
  year =         {2017},
  pages =        {2637--2646},
}

@INPROCEEDINGS{PB17_ICML,
  author =       {J. Pennington and Y. Bahri}, 
  title =        {Geometry of Neural Network Loss Surfaces via Random Matrix Theory},
  booktitle =    {Proceedings of the 34th International Conference on Machine Learning},
  year =         {2017},
  pages =        {2798--2806},
}

@TECHREPORT{PSG17_TR,
  author =    {J. Pennington and S. S. Schoenholz and S. Ganguli},
  title =     {Resurrecting the sigmoid in deep learning through dynamical isometry: theory and practice},
  number =    {Preprint: arXiv:1711.04735},
  year =      {2017},
}

@TECHREPORT{PSG18_TR,
  author =    {J. Pennington and S. S. Schoenholz and S. Ganguli},
  title =     {The Emergence of Spectral Universality in Deep Networks},
  number =    {Preprint: arXiv:1802.09979},
  year =      {2018},
}

@INPROCEEDINGS{PM11,
  author =       {P. O. Perry and M. W. Mahoney},
  title =        {Regularized {L}aplacian Estimation and Fast Eigenvector Approximation},
  booktitle =    {Annual Advances in Neural Information Processing Systems 24: Proceedings of the 2011 Conference},
  year =         {2011},
  pages =        {},
}

@ARTICLE{PA87,
  author =       {C. Peterson and J. R. Anderson},
  title =        {A mean field theory learning algorithm for neural networks},
  journal =      {Complex Systems},
  year =         {1987},
  volume =       {1},
  number =       {5},
  pages =        {995--1019},
}

@ARTICLE{PS12,
   author  = {O. Pfaffel and E. Schlemm},
   title   = {Limiting spectral distribution of a new random matrix model with dependence across rows and columns},
   journal = {Linear Algebra and its Applications},
   year    = {2012},
   volume  = {436},
   number  = {9},
   pages   = {2966--2979},
}

@ARTICLE{Ple82,
  author =       {T. Plefka},
  title =        {Convergence condition of the {TAP} equation for the infinite ranged Ising spin glass model},
  journal =      {Journal of Physics A: Mathematical and General},
  year =         {1982},
  volume =       {15},
  number =       {6},
  pages =        {1971--1978},
}

@TECHREPORT{PWH15_TR,
  author =    {N. G. Polson and B. T. Willard and M. Heidari},
  title =     {A Statistical Theory of Deep Learning via Proximal Splitting},
  number =    {Preprint: arXiv:1509.06061},
  year =      {2015},
}

@TECHREPORT{PMRML16_TR,
  author =    {T. Poggio and H. Mhaskar and L. Rosasco and B. Miranda and Q. Liao},
  title =     {Why and when can deep---but not shallow---networks avoid the curse of dimensionality: a review},
  number =    {Preprint: arXiv:1611.00740},
  year =      {2016},
}

@TECHREPORT{PL17_TR,
  author =    {T. Poggio and Q. Liao},
  title =     {Theory {II}: Landscape of the empirical risk in deep learning},
  number =    {Preprint: arXiv:1703.09833},
  year =      {2017},
}

@TECHREPORT{MP16_TR,
  author =    {H. Mhaskar and T. Poggio},
  title =     {Deep vs. shallow networks: An approximation theory perspective},
  number =    {Preprint: arXiv:1608.03287},
  year =      {2016},
}

@INPROCEEDINGS{PLRx16,
  author =       {B. Poole and S. Lahiri and M. Raghu and J. Sohl-Dickstein and S. Ganguli},
  title =        {Exponential expressivity in deep neural networks through transient chaos},
  booktitle =    {Annual Advances in Neural Information Processing Systems 29: Proceedings of the 2016 Conference},
  year =         {2016},
  pages =        {3360--3368},
}

@ARTICLE{PT56,
  author =       {C. E. Porter and R. G. Thomas},
  title =        {Fluctuations of Nuclear Reaction Widths},
  journal =      {Phys. Rev.},
  year =         {1956},
  volume =       {104},
  number =       {},
  pages =        {483--491},
}

@TECHREPORT{PBL05_TR,
  author =    {M. Potters and J. P. Bouchaud and L. Laloux},
  title =     {Financial applications of random matrix theory: old laces and new pieces},
  number =    {Preprint: arXiv:physics/0507111},
  year =      {2005},
}

@INCOLLECTION{Pre12_tricks,
  author =       {L. Prechelt},
  title =        {Early stopping---but when?},
  booktitle =    {Neural Networks: Tricks of the Trade: Second Edition},
  year =         {2012},
  pages =        {53--67},
  editor =       {G. Montavon and G. B. Orr and K.-R. M{\"u}ller},
  series =       {},
  publisher =    {Springer-Verlag},
}

@ARTICLE{PT00,
  author =       {G. Puglisi and L. Truskinovsky},
  title =        {Mechanics of a discrete chain with bi-stable elements},
  journal =      {Journal of the Mechanics and Physics of Solids},
  year =         {2000},
  volume =       {48},
  number =       {1},
  pages =        {1--27},
}

@TECHREPORT{RPKGx16_TR,
  author =    {M. Raghu and B. Poole and J. Kleinberg and S. Ganguli and J. Sohl-Dickstein},
  title =     {On the expressive power of deep neural networks},
  number =    {Preprint: arXiv:1606.05336},
  year =      {2016},
}

@INPROCEEDINGS{RPKGx17,
  author =       {M. Raghu and B. Poole and J. Kleinberg and S. Ganguli and J. Sohl-Dickstein},
  title =        {On the expressive power of deep neural networks},
  booktitle =    {Proceedings of the 34th International Conference on Machine Learning},
  year =         {2017},
  pages =        {2847--2854},
}

@ARTICLE{RA06,
  author =       {K. Rajan and L. F. Abbott},
  title =        {Eigenvalue spectra of random matrices for neural networks},
  journal =      {Phys. Rev. Lett.},
  year =         {2006},
  volume =       {97},
  number =       {18},
  pages =        {188104},
}

@BOOK{Resnick07,
  author =       {S.~I.~Resnick},
  title =        {Heavy-Tail Phenomena: Probabilistic and Statistical Modeling},
  publisher =    {Springer-Verlag},
  year =         {2007},
  address =      {},
  series =       {},
}

@INPROCEEDINGS{RMW14,
  author =       {D. J. Rezende and S. Mohamed and D. Wierstra},
  title =        {Stochastic Backpropagation and Approximate Inference in Deep Generative Models},
  booktitle =    {Proceedings of the 31st International Conference on Machine Learning},
  year =         {2014},
  pages =        {1278--1286},
}

@TECHREPORT{RT18_TR,
  author =    {A. Rosenfeld and J. K. Tsotsos},
  title =     {Intriguing properties of randomly weighted networks: generalizing while learning next to nothing},
  number =    {Preprint: arXiv:1802.00844},
  year =      {2018},
}

@ARTICLE{Qia99,
  author =       {N. Qian},
  title =        {On the momentum term in gradient descent learning algorithms},
  journal =      {Neural Networks},
  year =         {1999}, 
  volume =       {12},
  number =       {1}, 
  pages =        {145--151},
}

@ARTICLE{RB14,
  author =       {P. Rabassa and C. Beck},
  title =        {Extreme Value Laws for Superstatistics},
  journal =      {Entropy},
  year =         {2014},
  volume =       {16},
  number =       {10},
  pages =        {5523--5536},
}

@ARTICLE{RB95,
  author =       {P. Riegler and M. Biehl},
  title =        {On-line backpropagation in two-layered neural networks},
  journal =      {Journal of Physics A: Mathematical and General},
  year =         {1995},
  volume =       {28},
  number =       {20},
  pages =        {L507},
}

@ARTICLE{RobMun51,
  author =       {H. Robbins and S. Monro},
  title =        {A Stochastic Approximation Method},
  journal =      {The Annals of Mathematical Statistics},
  year =         {1951},
  volume =       {22},
  number =       {3},
  pages =        {400--407},
}

@TECHREPORT{RVBS17_TR,
  author =    {D. Rolnick and A. Veit and S. Belongie and N. Shavit},
  title =     {Deep Learning is Robust to Massive Label Noise},
  number =    {Preprint: arXiv:1705.10694},
  year =      {2017},
}

@ARTICLE{RGF90,
  author =       {K. Rose and E. Gurewitz and G. C. Fox},
  title =        {Statistical Mechanics and Phase Transitions in Clustering}, 
  journal =      {Phys. Rev. Lett.},
  year =         {1990}, 
  volume =       {65},
  number =       {8},
  pages =        {945--948},
}

@BOOK{Ros62,     
  author =       {F. Rosenblatt},
  title =        {Principles of Neurodynamics},
  publisher =    {Spartan},
  year =         {1962},
  address =      {New York, NY, USA},
  series =       {},
}

@ARTICLE{RBR09,
  author =       {B. I. P. Rubinstein and P. L. Bartlett and J. H. Rubinstein},
  title =        {Shifting: One-inclusion mistake bounds and sample compression},
  journal =      {Journal of Computer and System Sciences},
  year =         {2009},
  volume =       {75},
  number =       {1},
  pages =        {37--59},
}

@INCOLLECTION{RHW88,
  author =       {D. E. Rumelhart and G. E. Hinton and R. J. Williams},
  title =        {Learning Representations by Back-propagating Errors},
  booktitle =    {Neurocomputing: Foundations of Research},
  year =         {1988},
  pages =        {696--699},
  editor =       {J. A. Anderson and E. Rosenfeld},
  series =       {},
  publisher =    {MIT Press},
}

@ARTICLE{ImageNet15,
  author =       {O. Russakovsky and J. Deng and H. Su and J. Krause and S. Satheesh and S. Ma and Z. Huang and A. Karpathy and A. Khosla and M. Bernstein and A. C. Berg and L. Fei-Fei},
  title =        {{ImageNet} Large Scale Visual Recognition Challenge},
  journal =      {International Journal of Computer Vision},
  year =         {2015}, 
  volume =       {115},
  number =       {3},
  pages =        {211--252}, 
}

@TECHREPORT{RH18_TR,
  author =    {L. Ruthotto and E. Haber},
  title =     {Deep Neural Networks motivated by Partial Differential Equations},
  number =    {Preprint: arXiv:1804.04272},
  year =      {2018},
}

@TECHREPORT{SGAL14_TR,
  author =    {L. Sagun and V. U. Guney and G. Ben Arous and Y. LeCun},
  title =     {Explorations on high dimensional landscapes},
  number =    {Preprint: arXiv:1412.6615},
  year =      {2014},
}

@TECHREPORT{SBL16_TR,
  author =    {L. Sagun and L. Bottou and Y. LeCun},
  title =     {Singularity of the {H}essian in Deep Learning},
  number =    {Preprint: arXiv:1611.07476},
  year =      {2016},
}

@TECHREPORT{SEGx17_TR,
  author =    {L. Sagun and U. Evci and V. U. Guney and Y. Dauphin and L. Bottou},
  title =     {Empirical Analysis of the {H}essian of Over-Parametrized Neural Networks},
  number =    {Preprint: arXiv:1706.04454},
  year =      {2017},
}

@TECHREPORT{Sal08_TR,
  author =       {R. Salakhutdinov},
  title =        {Learning and Evaluating {B}oltzmann {M}achines},
  institution =  {Department of Computer Science, University of Toronto},
  year =         {2008},
  type =         {},
  number =       {UTML TR 2008–002},
  address =      {},
  month =        {},
}

@INPROCEEDINGS{SM08,
  author =       {R. Salakhutdinov and I. Murray},
  title =        {On the quantitative analysis of deep belief networks},
  booktitle =    {Proceedings of the 25th international conference on Machine learning},
  year =         {2008}, 
  pages =        {872--879},
}

@INPROCEEDINGS{SH09_dbm,
  author =       {R. Salakhutdinov and G. Hinton},
  title =        {Deep {B}oltzmann Machines},
  booktitle =    {Proceedings of the 12th International Workshop on Artificial Intelligence and Statistics},
  year =         {2009},
  pages =        {448--455},
}

@ARTICLE{STT13,
  author =       {R. Salakhutdinov and J. B. Tenenbaum and A. Torralba}, 
  title =        {Learning with Hierarchical-Deep Models},
  journal =      {IEEE Transactions on Pattern Analysis and Machine Intelligence},
  year =         {2013}, 
  volume =       {35},
  number =       {8}, 
  pages =        {1958--1971}, 
}

@INPROCEEDINGS{SBDx18,
  author =       {A. M. Saxe and Y. Bansal and J. Dapello and M. Advani and A. Kolchinsky and B. D. Tracey and D. D. Cox},
  title =        {On the information bottleneck theory of deep learning},
  booktitle =    {ICLR 2018},
  year =         {2018},
  pages =        {},
}

@TECHREPORT{Sch14_TR,
  author =    {J. Schmidhuber},
  title =     {Deep learning in Neural Networks: An Overview},
  number =    {Preprint: arXiv:1404.7828},
  year =      {2014},
}

@ARTICLE{Sch07,
  author =       {D. Schleicher},
  title =        {Hausdorff Dimension, Its Properties, and Its Surprises},
  journal =      {The American Mathematical Monthly},
  year =         {2007},
  volume =       {114},
  number =       {6},
  pages =        {509--528},
}

@TECHREPORT{SGGS16_TR,
  author =    {S. S. Schoenholz and J. Gilmer and S. Ganguli and J. Sohl-Dickstein},
  title =     {Deep Information Propagation},
  number =    {Preprint: arXiv:1611.01232},
  year =      {2016},
}

@TECHREPORT{SchMeh16,
  author =    {D. J. Schwab and P. Mehta},
  title =     {Comment on ``Why does deep and cheap learning work so well?''},
  number =    {Preprint: arXiv:1609.03541},
  year =      {2016},
}

@ARTICLE{SSSD90,
  author =       {D. B. Schwartz and V. K. Samalam and S. A. Solla and J. S. Denker},
  title =        {Exhaustive Learning},
  journal =      {Neural Computation},
  year =         {1990},
  volume =       {2},
  number =       {3},
  pages =        {374--385},
}

@ARTICLE{SOK92,
  author =       {H. Schwarze and M. Opper and W. Kinzel},
  title =        {Generalization in a two-layer neural network},
  journal =      {Phys. Rev. A},
  year =         {1992},
  volume =       {46},
  number =       {R6185},
  pages =        {},
}

@ARTICLE{SH92,
  author =       {H. Schwarze and J. Hertz},
  title =        {Generalization in a Large Committee Machine},
  journal =      {EPL (Europhysics Letters)},
  year =         {1992},
  volume =       {20},
  number =       {4},
  pages =        {375},
}

@INPROCEEDINGS{SH92_committee,
  author =       {H. Schwarze and J. Hertz},
  title =        {Statistical Mechanics of Learning in a Large Committee Machine},
  booktitle =    {Annual Advances in Neural Information Processing Systems 5: Proceedings of the 1992 Conference},
  year =         {1993},
  pages =        {523--530},
}

@ARTICLE{Sch93,
  author =       {H. Schwarze},
  title =        {Learning a rule in a multilayer neural network},
  journal =      {Journal of Physics A: Mathematical and General},
  year =         {1993},
  volume =       {26},
  number =       {21},
  pages =        {5781},
}

@TECHREPORT{SF18_TR,
  author =    {B. Sengupta and K. J. Friston},
  title =     {How robust are deep neural networks?},
  number =    {Preprint: arXiv:1804.11313},
  year =      {2018},
}

@ARTICLE{SM99,
   author  = {A. M. Sengupta and P. P. Mitra},
   title   = {Distributions of singular values for some random matrices},
   journal = {Physical Review E},
   year    = {1999},
   volume  = {60},
   number  = {3},
   pages   = {3389--3392},
}

@ARTICLE{SST92,
  author =       {H. S. Seung and H. Sompolinsky and N. Tishby},
  title =        {Statistical mechanics of learning from examples},
  journal =      {Physical Review A},
  year =         {1992},
  volume =       {45},
  number =       {8},
  pages =        {6056--6091},
}

@TECHREPORT{SYN15_TR,
  author =    {U. Shaham and Y. Yamada and S. Negahban},
  title =     {Understanding adversarial training: increasing local stability of neural nets through robust optimization},
  number =    {Preprint: arXiv:1511.05432},
  year =      {2015},
}

@ARTICLE{SSSS10,
  author =       {S. Shalev-Shwartz and O. Shamir and N. Srebro and K. Sridharan},	
  title =        {Learnability, Stability and Uniform Convergence},
  journal =      {Journal of Machine Learning Research},
  year =         {2010},
  volume =       {11},
  number =       {},
  pages =        {2635--2670},
}

@TECHREPORT{SSS17_TR,
  author =    {S. Shalev-Shwartz and O. Shamir and S. Shammah},
  title =     {Failures of gradient-based deep learning},
  number =    {Preprint: arXiv:1703.07950},
  year =      {2017},
}

@ARTICLE{SST14,
   author  = {O. Shamir and S. Sabato and N. Tishby},
   title   = {Learning and generalization with the information bottleneck},
   journal = {Theoretical Computer Science},
   year    = {2010},
   volume  = {411},
   number  = {29--30},
   pages   = {2696--2711},
}

@TECHREPORT{SLAx18_TR,
  author =       {C. J. Shallue and J. Lee and J. Antognini and J. Sohl-Dickstein and R. Frostig and G. E. Dahl}, 
  title =        {Measuring the Effects of Data Parallelism on Neural Network Training},
  note =         {Preprint: arXiv:1811.03600},
  year =         {2018},
}

@INCOLLECTION{She14,
  author =       {D. Sherrington}, 
  title =        {Physics and Complexity: An Introduction},
  booktitle =    {Managing Complexity, Reducing Perplexity: Modeling Biological Systems},
  year =         {2014},
  pages =        {119--129},
  editor =       {M. Delitala and G. Ajmone Marsan},
  series =       {},
  publisher =    {Springer International Publishing},
}

@ARTICLE{SK08,
  author =       {T. Shinzato and Y. Kabashima},
  title =        {Perceptron capacity revisited: classification ability for correlated patterns},
  journal =      {Journal of Physics A: Mathematical and Theoretical},
  year =         {2008},
  volume =       {41},
  number =       {32},
  pages =        {324013},
}

@TECHREPORT{ST17_TR,
  author =    {R. Shwartz-Ziv and N. Tishby},
  title =     {Opening the Black Box of Deep Neural Networks via Information},
  number =    {Preprint: arXiv:1703.00810},
  year =      {2017},
}

@ARTICLE{SC96,
  author =       {R. Simonetti and N. Caticha},
  title =        {On-line learning in parity machines},
  journal =      {Journal of Physics A: Mathematical and Generals},
  year =         {1996},
  volume =       {29},
  number =       {16},
  pages =        {4859},
}

@TECHREPORT{VGG14_TR,
  author =    {K. Simonyan and A. Zisserman},
  title =     {Very deep convolutional networks for large-scale image recognition},
  number =    {Preprint: arXiv:1409.1556},
  year =      {2014},
}

@TECHREPORT{SL17_TR,
  author =    {S. L. Smith and Q. V. Le},
  title =     {A {B}ayesian perspective on generalization and stochastic gradient descent},
  number =    {Preprint: arXiv:1710.06451},
  year =      {2017},
}

@TECHREPORT{Smi18_TR,
  author =    {L. N. Smith},
  title =     {A disciplined approach to neural network hyper-parameters: Part {I} -- learning rate, batch size, momentum, and weight decay},
  number =    {Preprint: arXiv:1803.09820},
  year =      {2018},
}

@TECHREPORT{SKYL17_TR,
  author =    {S. L. Smith and P.-J. Kindermans and C. Ying and Q. V. Le},
  title =     {Don't decay the learning rate, increase the batch size},
  number =    {Preprint: arXiv:1711.00489},
  year =      {2017},
}

@incollection{Smo87,
  author =       {P. Smolensky},
  title =        {Information Processing in Dynamical Systems: Foundations of Harmony Theory},
  booktitle =    {Parallel Distributed Processing: Volume 1: Foundations},
  year =         {1987},
  pages =        {194--281},
  editor =       {D. E. Rumelhart and J. L. McClelland},
  series =       {},
  publisher =    {MIT Press},
}

@INPROCEEDINGS{SPHNx11,
  author =       {R. Socher and J. Pennington and E. H. Huang and A. Y. Ng and C. D. Manning},
  title =        {Semi-supervised Recursive Autoencoders for Predicting Sentiment Distributions},
  booktitle =    {Proceedings of the Conference on Empirical Methods in Natural Language Processing (EMNLP '11)}, 
  year =         {2011}, 
  pages =        {151--161},
}

@TECHREPORT{SWMG15_TR,
  author =    {J. Sohl-Dickstein and E. A. Weiss and N. Maheswaranathan and S. Ganguli},
  title =     {Deep unsupervised learning using nonequilibrium thermodynamics},
  number =    {Preprint: arXiv:1503.03585},
  year =      {2015},
}

@INCOLLECTION{SL91,
  author =       {S. A. Solla and Y. LeCun},
  title =        {Constrained Neural Networks for Pattern Recognition},
  booktitle =    {Neural networks: Concepts, applications and implementations},
  year =         {1991},
  pages =        {142--161},
  editor =       {P. Antognetti and V. Milutinovic},
  series =       {},
  publisher =    {Prentice Hall},
}

@ARTICLE{SL92_validity,
  author =       {S. A. Solla and E. Levin},
  title =        {Learning in linear neural networks: The validity of the annealed approximation},
  journal =      {Phys. Rev. A},
  year =         {1992},
  volume =       {46},
  issue =        {},
  pages =        {2124--2130},
}

@ARTICLE{SCSS88,
  author =       {H. J. Sommers and A. Crisanti and H. Sompolinsky and Y. Stein},
  title =        {Spectra of large random asymmetric matrices},
  journal =      {Phys. Rev. Lett.},
  year =         {1988},
  volume =       {60},
  number =       {19},
  pages =        {1895--1898},
}

@ARTICLE{Som88,
  author =       {H. Sompolinsky},
  title =        {Statistical Mechanics of Neural Networks},
  journal =      {Physics Today},
  year =         {1988},
  volume =       {41},
  number =       {12},
  pages =        {70--80},
}

@ARTICLE{STS90,
  author =       {H. Sompolinsky and N. Tishby and H. S. Seung},
  title =        {Learning from examples in large neural networks},
  journal =      {Phys. Rev. Lett.},
  year =         {1990},
  volume =       {65},
  number =       {},
  pages =        {1683--1686},
}

@TECHREPORT{SRMKW16_TR,
  author =    {C. K. S{\o}nderby and T. Raiko and L. Maaløe and S. Kaae S{\o}nderby and O. Winther},
  title =     {Ladder Variational Autoencoders},
  number =    {Preprint: arXiv:1602.02282},
  year =      {2016},
}

@BOOK{SornetteBook,
  author =       {D. Sornette},
  title =        {Critical phenomena in natural sciences: chaos, fractals, selforganization and disorder: concepts and tools},
  publisher =    {Springer-Verlag},
  year =         {2006},
  address =      {Berlin},
  series =       {},
}

@TECHREPORT{SH17_TR,
  author =    {D. Soudry and E. Hoffer},
  title =     {Exponentially vanishing sub-optimal local minima in multilayer nerual networks},
  number =    {Preprint: arXiv:1702.05777},
  year =      {2017},
}

@TECHREPORT{SHNx17_TR,
  author =    {D. Soudry and E. Hoffer and M. S. Nacson and S. Gunasekar and N. Srebro},
  title =     {The implicit bias of gradient descent on separable data},
  number =    {Preprint: arXiv:1710.10345},
  year =      {2017},
}

@ARTICLE{Spe03,
  author =       {R. J. Speedy},
  title =        {Kauzmann's paradox and the glass transition},
  journal =      {Biophysical Chemistry},
  year =         {2003},
  volume =       {105},
  number =       {2–3},
  pages =        {411--420},
}

@TECHREPORT{SGd18_TR,
  author =    {S. Spigler and M. Geiger and S. d'Ascoli and L. Sagun and G. Biroli and M. Wyart},
  title =     {A jamming transition from under- to over-parametrization affects loss landscape and generalization},
  number =    {Preprint: arXiv:1810.09665},
  year =      {2018},
}

@ARTICLE{SHKx14,
  author =       {N. Srivastava and G. Hinton and A. Krizhevsky and I. Sutskever and R. Salakhutdinov},
  title =        {Dropout: A Simple Way to Prevent Neural Networks from Overfitting},
  journal =      {Journal of Machine Learning Research},
  year =         {2014},
  volume =       {15},
  number =       {},
  pages =        {1929--1958},
}

@TECHREPORT{Ste03_TR,
  author =    {D. L. Stein},
  title =     {Spin Glasses: Still Complex After All These Years?},
  number =    {Preprint: arXiv:cond-mat/0301104},
  year =      {2003},
}

@INCOLLECTION{SN14,
  author =       {D. L. Stein and C. M. Newman},
  title =        {Rugged Landscapes and Timescale Distributions in Complex Systems},
  booktitle =    {How Nature Works: Complexity in Interdisciplinary Research and Applications},
  year =         {2014},
  pages =        {65--79},
  editor =       {I. Zelinka and A. Sanayei and H. Zenil and O. E. R{\"o}ssler},
  series =       {},
  publisher =    {Springer International Publishing},
}

@ARTICLE{SD13,
  author =       {F. H. Stillinger and P. G. Debenedetti},
  title =        {Glass Transition Thermodynamics and Kinetics},
  journal =      {Annu. Rev. Condens. Matter Phys.}, 
  year =         {2013},
  volume =       {4}, 
  number =       {},
  pages =        {263--285},
}

@TECHREPORT{SBPBF14_TR,
  author =    {S. Sukhbaatar and J. Bruna and M. Paluri and L. Bourdev and R. Fergus},
  title =     {Training Convolutional Networks with Noisy Labels},
  number =    {Preprint: arXiv:1406.2080},
  year =      {2014},
}

@ARTICLE{Sun13,
  author =       {S. Sun},
  title =        {A review of deterministic approximate inference techniques for {B}ayesian machine learning},
  journal =      {Neural Computing and Applications},
  year =         {2013},
  volume =       {23},
  number =       {7},
  pages =        {2039--2050},
}

@INPROCEEDINGS{ST10,
  author =       {I. Sutskever and T. Tieleman},
  title =        {On the convergence properties of contrastive divergence},
  booktitle =    {Proceedings of the 13th International Workshop on Artificial Intelligence and Statistics},
  year =         {2010}, 
  pages =        {789--795},
}

@TECHREPORT{SWC17_TR,
  author =    {M. S{\"u}zen and C. Weber and J. J. Cerd{\`a}},
  title =     {Spectral Ergodicity in Deep Learning Architectures via Surrogate Random Matrices},
  number =    {Preprint: arXiv:1704.08303},
  year =      {2017},
}

@article{JMLR:v16:swaminathan15a,
  author  = {A. Swaminathan and T. Joachims},
  title   = {Batch Learning from Logged Bandit Feedback through Counterfactual Risk Minimization},
  journal = {Journal of Machine Learning Research},
  year    = {2015},
  volume  = {16},
  number  = {},
  pages   = {1731--1755},
}

@TECHREPORT{SCP16_TR,
  author =    {G. Swirszcz and W. M. Czarnecki and R. Pascanu},
  title =     {Local minima in training of deep networks},
  number =    {Preprint: arXiv:1611.06310},
  year =      {2016},
}

@TECHREPORT{SZSBx13_TR,
  author =    {C. Szegedy and W. Zaremba and I. Sutskever and J. Bruna and D. Erhan and I. Goodfellow and R. Fergus},
  title =     {Intriguing properties of neural networks},
  number =    {Preprint: arXiv:1312.6199},
  year =      {2013},
}

@INPROCEEDINGS{SLJ15_inception,
  author =       {C. Szegedy and W. Liu and Y. Jia and P. Sermanet and S. Reed and D. Anguelov and D. Erhan and V. Vanhoucke and A. Rabinovich},
  title =        {Going deeper with convolutions},
  booktitle =    {Proceedings of the IEEE Conference on Computer Vision and Pattern Recognition},
  year =         {2015},
  pages =        {},
}

@ARTICLE{talagrand00,
  author =       {M. Talagrand},
  title =        {Replica symmetry breaking and exponential inequalities for the {S}herrington-{K}irkpatrick model},
  journal =      {Annals of Probability},
  year =         {2000},
  volume =       {28},
  number =       {3},
  pages =        {1018--1062},
}

@ARTICLE{Tan98_PRE,
  author =       {T. Tanaka},
  title =        {Mean-field theory of {B}oltzmann machine learning},
  journal =      {Physical Review E},
  year =         {1998},
  volume =       {58},
  number =       {2},
  pages =        {2302--2310},
}

@ARTICLE{Tan00_NC,
  author =       {T. Tanaka},
  title =        {Information Geometry of the Mean-Field Approximation},
  journal =      {Neural Computation},
  year =         {2000},
  volume =       {12},
  number =       {8},
  pages =        {1951--1968},
}

@ARTICLE{TKNV05,
  author =       {G. Tarjus and S. A. Kivelson and Z. Nussinov and P. Viot},
  title =        {The frustration-based approach of supercooled liquids and the glass transition: a review and critical assessment},
  journal =      {Journal of Physics: Condensed Matter},
  year =         {2005}, 
  volume =       {17},
  number =       {},
  pages =        {R1143–R1182},
}

@PHDTHESIS{ThePhD03,
  author =       {Y. W. Teh},
  title =        {Bethe free energy and contrastive divergence approximations for undirected graphical models},
  school =       {University of Toronto},
  year =         {2003},
}

@INPROCEEDINGS{Tie08,
  author =       {T. Tieleman},
  title =        {Training restricted {B}oltzmann machines using Approximations to the Likelihood Gradient},
  booktitle =    {Proceedings of the 25th international conference on Machine learning}, 
  year =         {2008}, 
  pages =        {1064--1071},
}

@INPROCEEDINGS{TH09,
  author =       {T. Tieleman and G. Hinton},
  title =        {Using fast weights to improve persistent contrastive divergence},
  booktitle =    {Proceedings of the 26th Annual International Conference on Machine Learning}, 
  year =         {2009}, 
  pages =        {1033--1040},
}

@TECHREPORT{TPB00_TR,
  author =    {N. Tishby and F. C. Pereira and W. Bialek},
  title =     {The information bottleneck method},
  number =    {Preprint: arXiv:physics/0004057},
  year =      {2000},
}

@INPROCEEDINGS{TZ15,
  author =       {N. Tishby and N. Zaslavsky},
  title =        {Deep learning and the information bottleneck principle},
  booktitle =    {Proceedings of the 2015 IEEE Information Theory Workshop, ITW 2015},
  year =         {2015},
  pages =        {1--5},
}

@ARTICLE{TK10,
  author =       {S. T. Tokdar and R. E. Kass},
  title =        {Importance sampling: a review},
  journal =      {WIREs Comp. Stat.},
  year =         {2010},
  volume =       {2},
  number =       {},
  pages =        {54--60},
}

@ARTICLE{Tou09,
  author =       {H. Touchette},
  title =        {The large deviation approach to statistical mechanics},
  journal =      {Physics Reports},
  year =         {2009},
  volume =       {478},
  number =       {1-3},
  pages =        {1--69},
}

@TECHREPORT{TA14_TR,
  author =    {P. Toulis and E. M. Airoldi},
  title =     {Asymptotic and finite-sample properties of estimators based on stochastic gradients},
  number =    {Preprint: arXiv:1408.2923},
  year =      {2014},
}

@INPROCEEDINGS{TAR14,
  author =       {P. Toulis and E. Airoldi and J. Rennie}, 
  title =        {Statistical analysis of stochastic gradient methods for generalized linear models},
  booktitle =    {Proceedings of the 31st International Conference on Machine Learning},
  year =         {2014},
  pages =        {667--675},
}

@INCOLLECTION{TW09,
  author =       {C. A. Tracy and H. Widom},
  title =        {The distributions of random matrix theory and their applications},
  booktitle =    {New Trends in Mathematical Physics},
  year =         {2009},
  pages =        {753--765},
  editor =       {V.  Sidoravi{\v c}ius},
  series =       {},
  publisher =    {Springer},
}

@ARTICLE{TDK16,
  author =       {E. W. Tramel and A. Dr{\'e}meau and F. Krzakala},
  title =        {Approximate message passing with restricted {B}oltzmann machine priors},
  journal =      {Journal of Statistical Mechanics: Theory and Experiment},
  year =         {2016},
  volume =       {2016},
  number =       {7},
  pages =        {073401},
}

@TECHREPORT{TMCGx16_TR,
  author =    {E. W. Tramel and A. Manoel and F. Caltagirone and M. Gabri{\'e} and F. Krzakala},
  title =     {Inferring Sparsity: Compressed Sensing using Generalized {R}estricted {B}oltzmann {M}achines},
  number =    {Preprint: arXiv:1606.03956},
  year =      {2016},
}

@TECHREPORT{TGMCx17_TR,
  author =    {E. W. Tramel and M. Gabri{\'e} and A. Manoel and F. Caltagirone and F. Krzakala},
  title =     {A Deterministic and Generalized Framework for Unsupervised Learning with Restricted {B}oltzmann Machines},
  number =    {Preprint: arXiv:1702.03260},
  year =      {2017},
}

@TECHREPORT{TTA15_TR,
  author =    {D. Tran and P. Toulis and E. M. Airoldi},
  title =     {Stochastic gradient descent methods for estimation with large data sets},
  number =    {Preprint: arXiv:1509.06459},
  year =      {2015},
}

@ARTICLE{Tsa09,
  author =       {C. Tsallis},
  title =        {Nonadditive entropy and nonextensive statistical mechanics--an overview after 20 years},
  journal =      {Braz. J. Phys.},
  year =         {2009},
  volume =       {39},
  number =       {2}, 
  pages =        {337--356},
}

@ARTICLE{TM17,
  author =       {J. Tubiana and R. Monasson},
  title =        {Emergence of Compositional Representations in Restricted {B}oltzmann Machines},
  journal =      {Phys. Rev. Lett.},
  year =         {2017},
  volume =       {118},
  number =       {13},
  pages =        {138301},
}

@ARTICLE{TV04,
  author =       {A. M. Tulino and S. Verd{\'u}}, 
  title =        {Random Matrix Theory and Wireless Communications},
  journal =      {Foundations and Trends in Communications and Information Theory},
  year =         {2004},
  volume =       {1},
  number =       {1},
  pages =        {1--182},
}

@ARTICLE{TBCLx16,
  author =       {M. Tygert and J. Bruna and S. Chintala and Y. LeCun and S. Piantino and A. Szlam},
  title =        {A Mathematical Motivation for Complex-Valued Convolutional Networks},
  journal =      {Neural Computation},
  year =         {2016},
  volume =       {28},
  number =       {5},
  pages =        {815--825},
}

@TECHREPORT{UVL17_TR,
  author =    {D. Ulyanov and A. Vedaldi and V. Lempitsky},
  title =     {Deep Image Prior},
  number =    {Preprint: arXiv:1711.10925},
  year =      {2017},
}

@inproceedings{VSM11_WRKSHP,
  author =       {V. Vanhoucke and A. Senior and M. Z. Mao},
  title =        {Improving the speed of neural networks on {CPUs}},
  booktitle =    {Deep Learning and Unsupervised Feature Learning Workshop, NIPS 2011},
  year  =        {2011},
  pages =        {},
}

@ARTICLE{VLL94,
  author =       {V. Vapnik and E. Levin and Y. Le Cun},
  title =        {Measuring the {VC}-Dimension of a Learning Machine},
  journal =      {Neural Computation},
  year =         {1994},
  volume =       {6},
  number =       {5},
  pages =        {851--876},
}

@TECHREPORT{VWB16_TR,
  author =    {A. Veit and M. Wilber and S. Belongie},
  title =     {Residual Networks Behave Like Ensembles of Relatively Shallow Networks},
  number =    {Preprint: arXiv:1605.06431},
  year =      {2016},
}

@ARTICLE{Ves99,
  author =       {L. Vese},
  title =        {A Method to Convexify Functions via Curve Evolution},
  journal =      {Commun. Partial Differential Equations},
  year =         {1999},
  volume =       {24},
  number =       {},
  pages =        {1573}
}

@ARTICLE{VLLBx10,
  author =       {P. Vincent and H. Larochelle and I. Lajoie and Y. Bengio and P.-A. Manzagol},
  title =        {Stacked Denoising Autoencoders: Learning Useful Representations in a Deep Network with a Local Denoising Criterion},
  journal =      {Journal of Machine Learning Research},
  year =         {2010},
  volume =       {11},
  number =       {},
  pages =        {3371--3408},
}

@INPROCEEDINGS{vinyals2012krylov,
  author =       {O. Vinyals and D. Povey},
  title =        {{Krylov Subspace Descent for Deep Learning}},
  booktitle =    {Proceedings of the 15th International Workshop on Artificial Intelligence and Statistics},
  year =         {2012},
  pages =        {},
}

@ARTICLE{VC14,
   author  = {Y. Virkar and A. Clauset},
   title   = {Power-law distributions in binned empirical data},
   journal = {The Annals of Applied Statistics},
   year    = {2014},
   volume  = {8},
   number  = {1},
   pages   = {89--119},
}

@ARTICLE{WB13,
  author =       {C. Wang and D. M. Blei},	
  title =        {Variational Inference in Nonconjugate Models},
  journal =      {Journal of Machine Learning Research},
  year =         {2013},
  volume =       {14},
  number =       {1},
  pages =        {1005--1031}, 
}

@ARTICLE{WF17,
  author =       {W. Wang and J. Fan},
  title =        {Asymptotics of empirical eigenstructure for high dimensional spiked covariance},
  journal =      {The Annals of Statistics},
  year =         {2017},
  volume =       {45},
  number =       {3},
  pages =        {1342--1374},
}

@TECHREPORT{ZCLHx16_TR,
  author =    {Z. Wang and S. Chang and Q. Ling and S. Huang and X. Hu and H. Shi and T. S. Huang},
  title =     {Stacked Approximated Regression Machine: A Simple Deep Learning Approach},
  number =    {Preprint: arXiv:1608.04062},
  year =      {2016},
}

@TECHREPORT{WPLx18_TR,
  author =    {G. Wang and J. Peng and P. Luo and X. Wang and L. Lin},
  title =     {Batch {K}alman Normalization: Towards Training Deep Networks with Micro-batches},
  number =    {Preprint: arXiv:1802.03133},
  year =      {2018},
}

@ARTICLE{WRB93,
  author =       {T. L. H. Watkin and A. Rau and M. Biehl},
  title =        {The statistical mechanics of learning a rule},
  journal =      {Rev. Mod. Phys.},
  year =         {1993},
  volume =       {65},
  number =       {2},
  pages =        {499--556}
}

@ARTICLE{WN94,
  author =       {T. L. H. Watkin and J.-P. Nadal},
  title =        {Optimal unsupervised learning},
  journal =      {Journal of Physics A: Mathematical and General},
  year =         {1994},
  volume =       {27},
  number =       {6},
  pages =        {1899},
}

@INPROCEEDINGS{WH02,
  author =       {M. Welling and G. E. Hinton},
  title =        {A New Learning Algorithm for Mean Field {B}oltzmann Machines},
  booktitle =    {Proceedings of the 12th International Conference on Artificial Neural Networks (ICANN 02)},
  year =         {2002},
  pages =        {351--357},
}

@INPROCEEDINGS{WT11,
  author =       {M. Welling and Y. W. Teh},
  title =        {Bayesian Learning via Stochastic Gradient {L}angevin Dynamics},
  booktitle =    {Proceedings of the 28th International Conference on Machine Learning},
  year =         {2011},
  pages =        {681--688},
}

@ARTICLE{WMbatch03,
  author =       {D. R. Wilson and T. R. Martinez},
  title =        {The general inefficiency of batch training for gradient descent learning},
  journal =      {Neural Networks},
  year =         {2003},
  volume =       {16},
  number =       {10},
  pages =        {1429--1451},
}

@ARTICLE{wolynes_proteins_95,
  author =       {J. D. Bryngelson and J. N. Onuchic and N. D. Socci and P. G. Wolynes},
  title =        {Funnels, pathways, and the energy landscape of protein folding: a synthesis},
  journal =      {Proteins: Structure, Function, and Bioinformatics},
  year =         {1995},
  volume =       {21},
  number =       {3},
  pages =        {167--195},
}

@ARTICLE{wolynes_arpc_97,
  author =       {J. N. Onuchic and Z. Luthey-Schulten and P. G. Wolynes},
  title =        {Theory of protein folding: the energy landscape perspective},
  journal =      {Annual review of physical chemistry},
  year =         {1997},
  volume =       {48},
  number =       {1},
  pages =        {545--600},
}

@INPROCEEDINGS{Won97,
  author =       {K. Y. M. Wong},
  title =        {Microscopic equations in rough energy landscape for neural networks},
  booktitle =    {Annual Advances in Neural Information Processing Systems 9: Proceedings of the 1996 Conference},
  year =         {1997},
  pages =        {302--308},
}

@TECHREPORT{WZE17_TR,
  author =    {L. Wu and Z. Zhu and Weinan E},
  title =     {Towards understanding generalization of deep learning: perspective of loss landscapes},
  number =    {Preprint: arXiv:1706.10239},
  year =      {2017},
}

@INPROCEEDINGS{XCM09,
  author =       {H. Xu and C. Caramanis and S. Mannor},
  title =        {Robust regression and lasso},
  booktitle =    {Annual Advances in Neural Information Processing Systems 22: Proceedings of the 2009 Conference},
  year =         {2009},
  pages =        {1801--1808},
}

@TECHREPORT{XATB18_TR,
  author =    {C. Xing and D. Arpit and C. Tsirigotis and Y. Bengio},
  title =     {A walk with {SGD}},
  number =    {Preprint: arXiv:1802.08770},
  year =      {2018},
}

@ARTICLE{YZH13,
  author =       {H. Yan and L. Zhao and L. Hu and X. Wang and E. Wang and and J. Wang},
  title =        {Nonequilibrium landscape theory of neural networks},
  journal =      {Proc Natl Acad Sci USA},
  year =         {2013},
  volume =       {110},
  number =       {45},
  pages =        {E4185–E4194},
}

@ARTICLE{YRC07,
  author =       {Y. Yao and L. Rosasco and A. Caponnetto},
  title =        {On Early Stopping in Gradient Descent Learning},
  journal =      {Constructive Approximation},
  year =         {2007},
  volume =       {26},
  number =       {2},
  pages =        {289--315},
}

@TECHREPORT{YGLKM18_TR,
  author =       {Z. Yao and A. Gholami and Q. Lei and K. Keutzer and M. W. Mahoney},
  title =        {Hessian-based Analysis of Large Batch Training and Robustness to Adversaries},
  note =         {Preprint: arXiv:1802.08241},
  year =         {2018},
}

@TECHREPORT{YGKM18_TR,
  author =       {Z. Yao and A. Gholami and K. Keutzer and M. W. Mahoney},
  title =        {Large batch size training of neural networks with adversarial training and second-order information},
  note =         {Preprint: arXiv:1810.01021},
  year =         {2018},
}

@TECHREPORT{GVYx18_TR,
  author =       {N. Golmant and N. Vemuri and Z. Yao and V. Feinberg and A. Gholami and K. Rothauge and M. W. Mahoney and J. Gonzalez},
  title =        {On the Computational Inefficiency of Large Batch Sizes for Stochastic Gradient Descent},
  note =         {Preprint: arXiv:1811.12941},
  year =         {2018},
}

@TECHREPORT{YGXKM18_TR,
  author =       {Z. Yao and A. Gholami and P. Xu and K. Keutzer and M. W. Mahoney},
  title =        {Trust Region Based Adversarial Attack on Neural Networks},
  note =         {Preprint: arXiv:1812.06371},
  year =         {2018},
}

@TECHREPORT{YYFA17_TR,
  author =    {C. Ye and Y. Yang and C. Fermuller and Y. Aloimonos},
  title =     {On the importance of consistency in training deep neural networks},
  number =    {Preprint: arXiv:1708.00631},
  year =      {2017},
}

@TECHREPORT{YM17_TR,
  author =    {Y. Yoshida and T. Miyato},
  title =     {Spectral norm regularization for improving the generalizability of deep learning},
  number =    {Preprint: arXiv:1705.10941},
  year =      {2017},
}

@TECHREPORT{YJP18_TR,
  author =    {S. Yu and R. Jenssen and J. C. Principe},
  title =     {Understanding convolutional neural network training with information theory},
  number =    {Preprint: arXiv:1804.06537},
  year =      {2018},
}

@TECHREPORT{Zam10_TR,
  author =    {F. Zamponi},
  title =     {Mean field theory of spin glasses},
  number =    {Preprint: arXiv:1008.4844},
  year =      {2010},
}

@ARTICLE{ZK16,
  author =       {L. Zdeborov{\'a} and F. Krzakala},
  title =        {Statistical physics of inference: thresholds and algorithms},
  journal =      {Advances in Physics},
  year =         {2016},
  volume =       {65},
  number =       {5},
  pages =        {453--552},
}

@INPROCEEDINGS{ZLJ16,
  author =       {Y. Zhang and J. D. Lee and M. I. Jordan}, 
  title =        {L1 regularized Neural Networks are Improperly Learnable in Polynomial Time},
  booktitle =    {Proceedings of the 33rd International Conference on Machine Learning}, 
  year =         {2016},
  pages =        {993--1001}, 
}

@TECHREPORT{ZLW16_TR,
  author =    {Y. Zhang and P. Liang and M. J. Wainwright},
  title =     {Convexified Convolutional Neural Networks},
  number =    {Preprint: arXiv:1609.01000},
  year =      {2016},
}

@TECHREPORT{Understanding16_TR,
  author =    {C. Zhang and S. Bengio and M. Hardt and B. Recht and O. Vinyals},
  title =     {Understanding deep learning requires rethinking generalization},
  number =    {Preprint: arXiv:1611.03530},
  year =      {2016},
}

@TECHREPORT{ZLRSx17_TR,
  author =       {C. Zhang and Q. Liao and A. Rakhlin and K. Sridharan and B. Miranda and N. Golowich and T. Poggio},
  title =        {Theory of deep learning {III}: Generalization properties of {SGD}},
  institution =  {Massachusetts Institute of Technology},
  year =         {2017},
  type =         {},
  number =       {CBMM Memo No. 067},
  address =      {},
  month =        {},
}

@TECHREPORT{PKLSx18_TR,
  author =    {T. Poggio and K. Kawaguchi and Q. Liao and B. Miranda and L. Rosasco and X. Boix and J. Hidary and H. Mhaskar},
  title =     {Theory of Deep Learning {III}: explaining the non-overfitting puzzle},
  number =    {Preprint: arXiv:1801.00173},
  year =      {2018},
}

@TECHREPORT{PLMx18_TR,
  author =    {T. Poggio and Q. Liao and B. Miranda and A. Banburski and X. Boix and J. Hidary},
  title =     {Theory {IIIb}: Generalization in Deep Networks},
  number =    {Preprint: arXiv:1806.11379},
  year =      {2018},
}

@TECHREPORT{ZLRx18_TR,
  author =    {C. Zhang and Q. Liao and A. Rakhlin and B. Miranda and N. Golowich and T. Poggio},
  title =     {Theory of Deep Learning {IIb}: Optimization Properties of {SGD}},
  number =    {Preprint: arXiv:1801.02254},
  year =      {2018},
}

@TECHREPORT{ZML16_TR,
  author =    {J. Zhao and M. Mathieu and Y. LeCun},
  title =     {Energy-based generative adversarial networks},
  number =    {Preprint: arXiv:1609.03126},
  year =      {2016},
}

@TECHREPORT{ZVAx18_TR,
  author =    {W. Zhou and V. Veitch and M. Austern and R. P. Adams and P. Orbanz},
  title =     {Compressibility and generalization in large-scale deep learning},
  number =    {Preprint: arXiv:1804.05862},
  year =      {2018},
}

@TECHREPORT{ZFNet13_TR,
  author =    {M. D. Zeiler and R. Fergus},
  title =     {Visualizing and understanding Convolutional networks},
  number =    {Preprint: arXiv:1311.2901},
  year =      {2013},
}

@TECHREPORT{ZF18_TR,
  author =    {P. Zhou and J. Feng},
  title =     {Understanding Generalization and Optimization Performance of Deep {CNN}s},
  number =    {Preprint: arXiv:1805.10767},
  year =      {2018},
}

@MISC{osmr,
  title =        {{Sandbox for training convolutional networks for computer vision}},
  note =         {\url{https://github.com/osmr/imgclsmob}},
}

@MISC{distiller,
  title =        {{Intel Distiller package}},
  note =         {\url{https://nervanasystems.github.io/distiller}},
}

@MISC{gpt2-xl,
  title =        {{OpenAI GPT-2: 1.5B Release}},
  note =         {\url{https://openai.com/blog/gpt-2-1-5b-release/}},
}

@MISC{kdd20_sub_repo,
  note =         {\url{https://github.com/CalculatedContent/kdd2020}},
}

@MISC{kdd20_sub_repo_anonymized,
  note =         {\url{https://github.com/anonymouspapers/kdd2020}},
}

@TECHREPORT{resnet1000,
  author =    {K. He and X. Zhang and S. Ren and J. Sun},
  title =     {Identity Mappings in Deep Residual Networks},
  number =    {Preprint: arXiv:1603.05027},
  year =      {2016},
}

@ARTICLE{imagenet_allAuthors,
  author =       {O. Russakovsky and J. Deng and H. Su and J. Krause and S. Satheesh and S. Ma and Z. Huang and A. Karpathy and A. Khosla and M. Bernstein and A. C. Berg and L. Fei-Fei},
  title =        {ImageNet Large Scale Visual Recognition Challenge},
  journal =      {International Journal of Computer Vision},
  year =         {2015}, 
  volume =       {115},
  number =       {3},
  pages =        {211--252},
}

@ARTICLE{imagenet,
  author =       {O. Russakovsky and others},
  title =        {ImageNet Large Scale Visual Recognition Challenge},
  journal =      {International Journal of Computer Vision},
  year =         {2015}, 
  volume =       {115},
  number =       {3},
  pages =        {211--252},
}

@TECHREPORT{CNNSVD,
  author =    {H. Sedghi and V. Gupta and P. M. Long},
  title =     {The Singular Values of Convolutional Layers},
  number =    {Preprint: arXiv:1805.10408},
  year =      {2018},
}

@INPROCEEDINGS{pytorch_allAuthors,
  author =       {A. Paszke and S. Gross and F. Massa and A. Lerer and J. Bradbury and G. Chanan and T. Killeen and Z. Lin and N. Gimelshein and L. Antiga and A. Desmaison and A. Kopf and E. Yang and Z. DeVito and M. Raison and A. Tejani and S. Chilamkurthy and B. Steiner and L. Fang and J. Bai and S. Chintala}, 
  title =        {PyTorch: An Imperative Style, High-Performance Deep Learning Library},
  booktitle =    {Annual Advances in Neural Information Processing Systems 32: Proceedings of the 2019 Conference},
  year =         {2019},
  pages =        {8024--8035},
}

@INPROCEEDINGS{pytorch,
  author =       {A. Paszke and others},
  title =        {PyTorch: An Imperative Style, High-Performance Deep Learning Library},
  booktitle =    {Annual Advances in Neural Information Processing Systems 32: Proceedings of the 2019 Conference},
  year =         {2019},
  pages =        {8024--8035},
}

@TECHREPORT{huggingface_allAuthors,
  author =    {T. Wolf and L. Debut and V. Sanh and J. Chaumond and C. Delangue and A. Moi and P. Cistac and T. Rault and R. Louf and M. Funtowicz and J. Brew},
  title =     {HuggingFace's Transformers: State-of-the-art Natural Language Processing},
  number =    {Preprint: arXiv:1910.03771},
  year =      {2019},
}

@TECHREPORT{huggingface,
  author =    {T. Wolf and others},
  title =     {HuggingFace's Transformers: State-of-the-art Natural Language Processing},
  number =    {Preprint: arXiv:1910.03771},
  year =      {2019},
}

@TECHREPORT{Attn2017_allAuthors,
  author =    {A. Vaswani and N. Shazeer and N. Parmar and J. Uszkoreit and L. Jones and A. N. Gomez and L. Kaiser and I. Polosukhin},
  title =     {Attention Is All You Need},
  number =    {Preprint: arXiv:1706.03762},
  year =      {2017},
}

@TECHREPORT{Attn2017,
  author =    {A. Vaswani and others},
  title =     {Attention Is All You Need},
  number =    {Preprint: arXiv:1706.03762},
  year =      {2017},
}

